ts_us,event_type,side,price,size,order_id,level
1765351552882991,snapshot,,100.0,0,0,0
1765351552883016,cancel,B,99.96,0,1,4
1765351552883126,modify,S,100.03,11,1,3
1765351552883226,add,S,100.05,6,1,6
1765351552883339,add,S,100.1,3,2,10
1765351552883484,add,B,99.92,36,3,7
1765351552883528,modify,S,100.05,23,3,6
1765351552883599,add,B,99.94,15,4,5
1765351552883703,add,B,99.93,24,5,6
1765351552883836,add,B,99.99,41,6,2
1765351552883912,add,B,99.92,18,7,8
1765351552884072,cancel,S,100.05,0,2,6
1765351552884190,add,S,100.05,18,8,6
1765351552884199,add,S,100.04,42,9,6
1765351552884354,add,S,100.07,17,10,8
1765351552884408,add,S,100.06,38,11,5
1765351552884545,modify,B,99.93,5,7,6
1765351552884656,add,S,100.01,41,12,2
1765351552884711,modify,B,99.9,13,7,10
1765351552884867,trade,,99.99,88,0,0
1765351552884983,add,S,100.07,22,13,5
1765351552885005,add,B,100.0,47,14,1
1765351552885124,trade,,99.99,65,0,0
1765351552885204,modify,S,100.09,5,5,9
1765351552885338,modify,S,100.09,20,9,9
1765351552885432,add,B,99.93,16,15,6
1765351552885498,add,S,100.0,47,16,2
1765351552885653,modify,S,100.03,18,5,3
1765351552885712,add,S,100.06,35,17,7
1765351552885887,cancel,B,99.94,0,7,5
1765351552885976,cancel,B,99.91,0,15,9
1765351552886022,add,B,99.91,15,18,10
1765351552886166,add,B,99.99,5,19,1
1765351552886195,modify,B,99.91,22,3,9
1765351552886353,add,B,99.92,31,20,10
1765351552886422,modify,B,99.96,22,14,4
1765351552886546,add,B,100.0,42,21,1
1765351552886673,add,B,99.92,16,22,6
1765351552886715,add,B,99.91,18,23,7
1765351552886850,add,S,100.08,7,24,8
1765351552886897,cancel,S,100.01,0,18,1
1765351552887087,modify,B,99.91,7,6,7
1765351552887142,trade,,100.0,34,0,0
1765351552887249,add,S,100.1,46,25,9
1765351552887353,add,B,100.01,48,26,1
1765351552887460,add,B,100.02,31,27,1
1765351552887555,trade,,99.99,8,0,0
1765351552887656,add,B,99.91,44,28,10
1765351552887721,add,S,100.09,38,29,10
1765351552887867,add,B,99.92,34,30,10
1765351552887931,trade,,99.99,34,0,0
1765351552888041,add,S,100.08,49,31,8
1765351552888100,add,S,100.08,5,32,10
1765351552888259,add,B,99.91,16,33,6
1765351552888338,add,B,99.92,20,34,9
1765351552888469,trade,,99.99,86,0,0
1765351552888561,add,S,100.03,8,35,3
1765351552888604,cancel,B,99.94,0,10,5
1765351552888717,cancel,S,100.07,0,14,5
1765351552888823,trade,,100.0,36,0,0
1765351552888896,add,S,100.06,48,36,5
1765351552889047,cancel,B,99.92,0,28,9
1765351552889100,trade,,99.99,70,0,0
1765351552889195,modify,B,99.97,2,36,3
1765351552889330,add,S,100.01,14,37,1
1765351552889478,add,B,99.92,40,38,9
1765351552889586,add,S,100.02,27,39,3
1765351552889594,add,S,100.07,48,40,7
1765351552889722,add,S,100.0,3,41,2
1765351552889851,add,S,100.08,20,42,8
1765351552889920,add,S,100.07,18,43,7
1765351552889999,trade,,100.0,87,0,0
1765351552890159,add,B,99.93,38,44,5
1765351552890224,add,S,100.05,21,45,6
1765351552890346,cancel,B,99.99,0,33,2
1765351552890464,add,B,99.9,34,46,7
1765351552890559,cancel,B,99.96,0,43,4
1765351552890599,trade,,100.0,80,0,0
1765351552890731,cancel,S,100.06,0,8,5
1765351552890876,add,B,99.94,9,47,5
1765351552890915,add,S,100.03,37,48,3
1765351552891029,add,S,100.06,14,49,5
1765351552891146,modify,B,99.91,15,39,6
1765351552891277,add,B,99.98,6,50,3
1765351552891327,add,S,100.04,49,51,6
1765351552891421,cancel,B,99.96,0,15,4
1765351552891496,add,B,99.99,27,52,2
1765351552891671,cancel,B,99.9,0,46,7
1765351552891722,add,S,100.0,15,53,2
1765351552891813,modify,B,99.92,18,45,9
1765351552891922,trade,,100.01,86,0,0
1765351552892058,trade,,100.01,97,0,0
1765351552892147,cancel,B,99.92,0,47,9
1765351552892261,add,B,99.92,17,54,8
1765351552892387,add,S,100.1,41,55,9
1765351552892421,add,B,99.93,18,56,5
1765351552892533,add,S,100.02,15,57,3
1765351552892640,cancel,B,99.96,0,46,4
1765351552892743,add,B,100.01,27,58,1
1765351552892840,trade,,100.0,62,0,0
1765351552892891,trade,,100.0,97,0,0
1765351552893040,modify,S,100.07,24,54,7
1765351552893160,modify,B,99.96,9,58,4
1765351552893246,add,B,99.91,11,59,7
1765351552893350,trade,,100.0,76,0,0
1765351552893463,cancel,B,99.91,0,6,7
1765351552893550,add,B,99.9,30,60,6
1765351552893632,add,S,100.06,17,61,5
1765351552893701,add,S,100.01,15,62,1
1765351552893874,add,S,100.0,16,63,1
1765351552893916,modify,B,99.98,16,40,3
1765351552894076,add,S,100.09,17,64,8
1765351552894189,add,S,99.99,20,65,2
1765351552894204,cancel,S,100.08,0,40,10
1765351552894339,add,S,100.0,45,66,2
1765351552894471,add,S,100.07,39,67,5
1765351552894506,modify,S,100.04,22,6,6
1765351552894638,add,S,100.0,32,68,1
1765351552894704,add,B,99.93,10,69,8
1765351552894846,add,S,100.08,35,70,5
1765351552894990,add,B,99.92,21,71,10
1765351552895022,modify,S,100.08,8,12,5
1765351552895187,add,S,100.07,2,72,7
1765351552895254,modify,B,99.93,26,24,8
1765351552895324,add,S,100.09,1,73,5
1765351552895457,trade,,99.99,31,0,0
1765351552895583,add,S,100.05,31,74,4
1765351552895673,cancel,B,100.01,0,58,1
1765351552895719,add,B,99.92,31,75,10
1765351552895861,add,B,99.92,23,76,9
1765351552895980,add,B,99.95,47,77,4
1765351552896015,add,S,100.01,14,78,3
1765351552896185,add,S,100.11,19,79,9
1765351552896203,modify,B,99.95,10,38,4
1765351552896292,cancel,B,99.93,0,17,5
1765351552896397,cancel,B,99.93,0,17,8
1765351552896492,cancel,B,99.93,0,61,8
1765351552896614,trade,,99.99,9,0,0
1765351552896742,add,S,99.99,10,80,1
1765351552896863,trade,,100.0,32,0,0
1765351552896906,cancel,S,100.08,0,54,10
1765351552897070,add,S,100.09,20,81,8
1765351552897166,trade,,100.0,98,0,0
1765351552897217,cancel,B,99.99,0,34,2
1765351552897313,cancel,B,100.01,0,21,1
1765351552897479,cancel,B,100.01,0,38,1
1765351552897581,add,S,100.01,15,82,2
1765351552897624,modify,S,100.08,30,81,10
1765351552897716,add,S,100.01,10,83,3
1765351552897800,add,S,100.09,37,84,10
1765351552897927,add,B,99.94,26,85,5
1765351552898025,add,B,100.0,3,86,2
1765351552898146,cancel,B,99.94,0,78,5
1765351552898220,trade,,100.0,98,0,0
1765351552898377,modify,S,99.99,6,74,1
1765351552898451,add,B,99.93,38,87,5
1765351552898546,cancel,B,100.0,0,63,2
1765351552898643,add,S,100.01,27,88,3
1765351552898778,add,S,100.08,3,89,7
1765351552898849,add,B,100.0,33,90,2
1765351552898891,cancel,B,99.93,0,70,8
1765351552899015,add,S,100.1,29,91,8
1765351552899188,add,B,99.98,29,92,3
1765351552899280,add,B,99.91,46,93,10
1765351552899310,add,B,99.9,15,94,7
1765351552899405,add,B,99.98,46,95,3
1765351552899528,add,B,99.93,16,96,8
1765351552899649,cancel,S,100.05,0,50,4
1765351552899756,cancel,B,100.0,0,18,2
1765351552899844,add,S,100.08,19,97,5
1765351552899983,add,S,100.09,29,98,8
1765351552900059,add,B,99.92,30,99,9
1765351552900132,modify,S,100.05,8,90,4
1765351552900290,add,B,99.94,25,100,8
1765351552900340,trade,,100.0,64,0,0
1765351552900395,add,S,100.03,29,101,6
1765351552900503,add,B,99.98,42,102,3
1765351552900610,add,S,100.08,40,103,5
1765351552900779,add,B,99.91,35,104,6
1765351552900839,trade,,100.01,70,0,0
1765351552900895,cancel,S,100.08,0,31,5
1765351552901086,add,S,100.01,11,105,2
1765351552901179,add,B,99.9,19,106,6
1765351552901236,add,B,99.92,37,107,9
1765351552901378,modify,B,99.98,28,22,3
1765351552901439,cancel,S,100.09,0,31,8
1765351552901509,add,S,100.09,43,108,8
1765351552901592,modify,S,100.08,6,60,5
1765351552901700,add,B,99.91,41,109,10
1765351552901845,cancel,B,99.93,0,59,5
1765351552901940,modify,B,99.95,12,14,4
1765351552902064,add,S,100.0,26,110,1
1765351552902126,add,S,100.01,48,111,1
1765351552902254,modify,S,100.05,12,37,4
1765351552902319,cancel,S,100.08,0,80,5
1765351552902483,modify,S,100.01,29,88,3
1765351552902571,cancel,B,99.94,0,40,8
1765351552902637,cancel,B,99.93,0,12,5
1765351552902744,add,B,99.92,34,112,9
1765351552902855,trade,,100.01,38,0,0
1765351552902986,modify,B,100.0,3,103,2
1765351552903009,modify,S,100.08,26,29,7
1765351552903162,add,S,100.01,35,113,1
1765351552903206,add,S,100.09,25,114,5
1765351552903372,trade,,100.0,87,0,0
1765351552903420,add,S,100.11,40,115,9
1765351552903519,cancel,S,100.09,0,82,8
1765351552903629,cancel,B,99.98,0,15,3
1765351552903695,add,B,99.99,35,116,2
1765351552903808,add,B,99.92,38,117,9
1765351552903986,cancel,S,100.08,0,114,7
1765351552904053,cancel,S,100.01,0,36,1
1765351552904118,add,S,100.02,44,118,6
1765351552904238,add,S,100.01,26,119,6
1765351552904326,add,B,99.93,43,120,8
1765351552904418,cancel,B,100.01,0,77,1
1765351552904533,add,B,99.9,5,121,10
1765351552904688,cancel,S,100.05,0,76,4
1765351552904720,add,B,99.89,18,122,10
1765351552904809,trade,,99.99,85,0,0
1765351552904894,add,B,99.96,21,123,4
1765351552904993,add,B,99.91,8,124,7
1765351552905186,add,B,99.91,38,125,6
1765351552905204,add,B,99.88,47,126,10
1765351552905375,add,B,100.0,31,127,1
1765351552905442,add,B,99.92,6,128,8
1765351552905532,cancel,B,99.98,0,17,3
1765351552905672,cancel,S,100.08,0,84,7
1765351552905758,add,S,100.07,45,129,7
1765351552905805,modify,B,99.91,8,56,7
1765351552905943,add,B,99.92,7,130,7
1765351552906031,add,S,100.0,44,131,6
1765351552906151,add,S,100.01,7,132,2
1765351552906286,cancel,B,99.92,0,34,9
1765351552906362,cancel,B,99.92,0,32,7
1765351552906476,trade,,100.0,93,0,0
1765351552906497,trade,,99.99,20,0,0
1765351552906675,add,S,100.01,24,133,6
1765351552906705,modify,S,100.07,25,58,7
1765351552906870,cancel,S,100.09,0,7,10
1765351552906979,add,B,99.93,23,134,5
1765351552906991,add,B,99.91,10,135,7
1765351552907185,cancel,S,100.01,0,8,2
1765351552907218,add,B,99.98,20,136,3
1765351552907383,add,S,100.08,4,137,10
1765351552907410,add,S,100.01,29,138,2
1765351552907575,add,S,100.07,14,139,7
1765351552907687,add,B,99.99,44,140,2
1765351552907777,cancel,B,99.93,0,135,5
1765351552907841,trade,,99.99,1,0,0
1765351552907917,add,B,99.98,19,141,3
1765351552908032,add,B,99.9,9,142,7
1765351552908139,add,B,99.93,23,143,9
1765351552908200,add,S,100.06,30,144,7
1765351552908300,modify,B,99.88,21,110,10
1765351552908444,add,B,99.9,40,145,6
1765351552908549,modify,B,99.99,4,93,2
1765351552908622,add,B,99.99,20,146,2
1765351552908786,add,B,99.97,33,147,3
1765351552908872,add,S,100.01,47,148,6
1765351552908973,modify,B,99.99,7,61,2
1765351552909013,cancel,S,100.01,0,20,3
1765351552909171,add,S,100.08,44,149,10
1765351552909263,cancel,B,99.9,0,83,6
1765351552909299,add,S,100.1,4,150,5
1765351552909436,add,B,99.91,4,151,8
1765351552909538,modify,S,100.01,17,20,2
1765351552909640,add,S,100.01,37,152,1
1765351552909774,add,S,100.1,4,153,9
1765351552909848,add,S,100.02,6,154,6
1765351552909955,cancel,S,100.05,0,11,4
1765351552910047,add,S,100.02,19,155,6
1765351552910140,add,B,99.87,41,156,10
1765351552910273,add,B,99.94,25,157,9
1765351552910327,add,S,100.07,22,158,10
1765351552910401,cancel,B,99.9,0,37,6
1765351552910574,cancel,S,100.01,0,101,3
1765351552910601,add,B,99.89,43,159,6
1765351552910780,modify,S,100.01,14,135,2
1765351552910856,add,B,99.96,22,160,3
1765351552910989,add,B,99.95,5,161,3
1765351552911028,modify,S,100.1,27,26,9
1765351552911185,modify,S,100.02,20,10,6
1765351552911207,cancel,B,99.95,0,40,3
1765351552911379,modify,B,99.91,12,43,8
1765351552911477,cancel,B,99.87,0,114,10
1765351552911586,modify,B,99.94,26,60,9
1765351552911651,trade,,100.0,60,0,0
1765351552911789,add,B,99.94,11,162,9
1765351552911816,modify,B,99.93,16,36,5
1765351552911938,cancel,S,100.1,0,27,9
1765351552912027,add,B,99.92,10,163,8
1765351552912146,add,S,100.09,2,164,8
1765351552912244,add,S,100.05,6,165,4
1765351552912338,add,B,100.0,42,166,2
1765351552912433,modify,B,100.0,27,36,1
1765351552912551,cancel,B,99.92,0,36,8
1765351552912591,trade,,99.99,33,0,0
1765351552912718,modify,S,100.07,4,141,10
1765351552912890,add,B,99.99,27,167,1
1765351552912972,modify,B,100.0,29,118,2
1765351552913054,cancel,S,100.1,0,5,9
1765351552913182,add,B,99.87,16,168,10
1765351552913264,add,S,100.02,24,169,2
1765351552913299,trade,,99.99,50,0,0
1765351552913451,add,B,99.89,48,170,6
1765351552913493,add,B,99.97,43,171,4
1765351552913671,add,S,100.01,3,172,6
1765351552913736,add,S,100.02,30,173,3
1765351552913880,add,B,99.94,46,174,3
1765351552913990,trade,,99.99,38,0,0
1765351552914016,add,B,99.99,20,175,1
1765351552914156,add,S,100.09,3,176,8
1765351552914287,cancel,S,100.01,0,74,6
1765351552914297,modify,B,99.93,12,85,5
1765351552914445,modify,B,99.9,6,113,7
1765351552914554,cancel,B,99.94,0,95,9
1765351552914601,cancel,S,100.06,0,21,7
1765351552914714,add,B,100.0,43,177,2
1765351552914828,add,S,100.05,45,178,7
1765351552914946,add,B,99.9,28,179,6
1765351552915026,cancel,S,100.02,0,15,2
1765351552915141,add,S,100.01,10,180,3
1765351552915268,cancel,B,99.99,0,113,1
1765351552915321,modify,B,99.9,19,94,6
1765351552915395,cancel,S,100.09,0,174,8
1765351552915538,add,B,99.95,24,181,3
1765351552915640,add,B,99.99,48,182,2
1765351552915714,add,B,99.93,17,183,9
1765351552915890,add,B,99.87,45,184,10
1765351552915953,add,B,99.99,12,185,2
1765351552916082,add,B,99.91,23,186,6
1765351552916181,add,S,100.09,46,187,5
1765351552916281,trade,,99.99,16,0,0
1765351552916316,modify,B,99.92,18,61,8
1765351552916464,add,S,100.09,40,188,9
1765351552916502,add,B,99.93,27,189,8
1765351552916689,add,S,100.01,42,190,3
1765351552916700,add,S,100.0,50,191,6
1765351552916861,cancel,B,99.95,0,47,3
1765351552916898,modify,B,99.95,6,133,3
1765351552917032,trade,,99.98,45,0,0
1765351552917157,modify,B,99.93,18,21,5
1765351552917226,add,B,99.92,33,192,9
1765351552917373,add,S,100.0,43,193,3
1765351552917470,cancel,S,100.0,0,155,6
1765351552917563,add,S,100.01,42,194,2
1765351552917689,cancel,S,100.05,0,167,4
1765351552917744,cancel,S,100.09,0,8,8
1765351552917860,add,S,100.08,44,195,8
1765351552917942,add,B,99.98,29,196,1
1765351552918044,add,B,99.86,21,197,10
1765351552918182,add,S,100.0,9,198,6
1765351552918288,add,S,99.99,30,199,6
1765351552918306,add,B,99.98,19,200,2
1765351552918440,modify,S,100.05,29,108,4
1765351552918511,modify,B,99.91,6,148,6
1765351552918654,trade,,99.99,3,0,0
1765351552918702,trade,,99.99,31,0,0
1765351552918818,cancel,B,99.98,0,13,1
1765351552918967,modify,B,99.93,1,168,8
1765351552919004,add,S,99.99,24,201,6
1765351552919096,add,S,100.05,36,202,4
1765351552919227,add,S,100.09,40,203,9
1765351552919378,cancel,B,99.98,0,33,2
1765351552919434,cancel,B,99.95,0,94,3
1765351552919556,add,B,99.97,46,204,1
1765351552919633,modify,B,99.93,29,133,8
1765351552919756,add,S,99.98,26,205,6
1765351552919869,cancel,B,99.86,0,77,10
1765351552919956,add,S,100.09,2,206,5
1765351552920038,add,B,99.91,20,207,7
1765351552920183,modify,S,100.01,9,162,1
1765351552920274,modify,S,100.07,24,199,10
1765351552920297,cancel,S,100.09,0,44,9
1765351552920470,modify,S,100.0,8,98,3
1765351552920495,cancel,B,99.98,0,180,2
1765351552920647,add,B,99.97,33,208,4
1765351552920790,cancel,S,100.01,0,121,1
1765351552920857,add,B,99.94,25,209,8
1765351552920931,trade,,99.99,87,0,0
1765351552921089,modify,S,100.09,7,175,5
1765351552921122,add,B,99.93,46,210,5
1765351552921217,cancel,B,99.91,0,126,6
1765351552921362,trade,,99.99,37,0,0
1765351552921406,cancel,S,100.05,0,140,7
1765351552921541,modify,B,99.95,10,198,3
1765351552921682,add,S,100.1,31,211,5
1765351552921718,add,S,100.1,18,212,9
1765351552921808,add,S,100.04,4,213,4
1765351552921976,trade,,99.98,53,0,0
1765351552922033,cancel,B,99.95,0,26,3
1765351552922161,trade,,99.98,53,0,0
1765351552922274,trade,,99.98,97,0,0
1765351552922327,add,S,100.02,37,214,2
1765351552922420,add,S,100.0,27,215,1
1765351552922513,trade,,99.98,51,0,0
1765351552922654,add,S,100.09,1,216,5
1765351552922729,cancel,B,99.91,0,28,6
1765351552922873,add,B,99.96,30,217,3
1765351552922925,add,B,99.97,30,218,3
1765351552923073,add,B,99.91,37,219,6
1765351552923177,modify,S,100.07,29,45,10
1765351552923242,modify,B,99.91,22,132,6
1765351552923303,add,B,99.9,1,220,6
1765351552923424,add,B,99.93,20,221,5
1765351552923565,cancel,S,100.09,0,3,5
1765351552923679,add,S,100.08,11,222,8
1765351552923742,cancel,S,100.09,0,181,5
1765351552923872,trade,,99.98,18,0,0
1765351552923952,add,S,100.07,27,223,10
1765351552924080,add,B,99.93,14,224,9
1765351552924188,add,S,100.03,29,225,2
1765351552924258,cancel,B,99.86,0,20,10
1765351552924361,trade,,99.98,74,0,0
1765351552924459,add,B,99.93,8,226,9
1765351552924578,add,S,100.04,29,227,2
1765351552924598,add,S,100.09,4,228,8
1765351552924762,add,S,100.0,17,229,1
1765351552924791,cancel,B,99.98,0,149,2
1765351552924935,cancel,S,100.0,0,139,1
1765351552924999,trade,,99.98,99,0,0
1765351552925108,modify,B,99.91,29,187,7
1765351552925239,add,S,100.05,6,230,7
1765351552925378,trade,,99.98,84,0,0
1765351552925435,add,S,100.06,9,231,7
1765351552925584,trade,,99.99,60,0,0
1765351552925677,cancel,B,99.93,0,109,9
1765351552925720,add,B,99.92,47,232,5
1765351552925888,add,S,100.07,50,233,7
1765351552925893,add,B,99.85,29,234,10
1765351552926067,cancel,B,99.97,0,224,1
1765351552926096,add,B,99.96,9,235,4
1765351552926255,trade,,99.98,94,0,0
1765351552926364,add,S,99.97,20,236,6
1765351552926409,trade,,99.99,8,0,0
1765351552926562,trade,,99.98,81,0,0
1765351552926677,add,B,99.91,43,237,6
1765351552926739,modify,B,99.91,10,82,7
1765351552926839,add,S,100.03,20,238,4
1765351552926981,add,B,99.98,27,239,1
1765351552927044,cancel,B,99.91,0,35,7
1765351552927117,add,B,99.94,6,240,8
1765351552927259,cancel,B,99.98,0,49,1
1765351552927377,cancel,B,99.98,0,11,2
1765351552927488,cancel,B,99.93,0,172,9
1765351552927517,modify,S,100.09,1,86,5
1765351552927618,trade,,99.99,32,0,0
1765351552927780,cancel,S,100.07,0,53,7
1765351552927861,add,B,99.95,42,241,8
1765351552927936,add,B,99.95,7,242,8
1765351552928083,add,S,100.03,21,243,4
1765351552928143,add,S,99.99,17,244,3
1765351552928261,trade,,99.99,38,0,0
1765351552928310,add,B,99.84,32,245,10
1765351552928461,cancel,B,99.91,0,176,6
1765351552928553,trade,,99.98,94,0,0
1765351552928636,add,S,100.08,35,246,8
1765351552928773,trade,,99.98,10,0,0
1765351552928876,add,B,99.98,15,247,3
1765351552928899,cancel,S,100.03,0,3,4
1765351552929038,add,S,100.07,43,248,10
1765351552929153,add,S,100.06,2,249,7
1765351552929258,cancel,B,99.92,0,138,5
1765351552929380,cancel,B,99.98,0,207,3
1765351552929403,add,B,99.85,17,250,10
1765351552929536,add,B,99.91,30,251,6
1765351552929663,add,S,100.1,6,252,5
1765351552929774,trade,,99.99,49,0,0
1765351552929839,cancel,S,100.0,0,15,1
1765351552929901,add,B,99.92,7,253,6
1765351552930058,trade,,99.98,28,0,0
1765351552930179,modify,B,99.92,3,122,5
1765351552930278,trade,,99.98,23,0,0
1765351552930331,add,B,99.99,26,254,3
1765351552930400,add,S,100.07,44,255,10
1765351552930560,add,S,100.0,47,256,3
1765351552930601,add,S,99.99,28,257,1
1765351552930720,modify,S,100.07,20,175,10
1765351552930841,trade,,99.99,4,0,0
1765351552930972,add,S,100.07,23,258,8
1765351552931061,trade,,99.98,11,0,0
1765351552931189,cancel,B,99.98,0,127,2
1765351552931210,add,S,100.01,25,259,3
1765351552931331,add,B,99.92,24,260,5
1765351552931488,add,B,99.99,29,261,3
1765351552931562,cancel,B,99.98,0,209,2
1765351552931636,cancel,B,99.91,0,167,7
1765351552931743,add,B,99.92,37,262,9
1765351552931857,add,B,99.99,20,263,3
1765351552931925,add,B,99.91,27,264,7
1765351552932029,add,B,99.91,47,265,5
1765351552932171,add,S,100.06,9,266,8
1765351552932229,add,B,99.85,22,267,10
1765351552932347,add,S,100.06,20,268,10
1765351552932432,cancel,B,99.95,0,103,8
1765351552932541,trade,,99.98,95,0,0
1765351552932679,cancel,B,99.92,0,125,6
1765351552932741,add,S,100.04,35,269,4
1765351552932814,cancel,S,100.06,0,14,8
1765351552932917,add,B,99.98,44,270,2
1765351552933054,add,B,99.92,10,271,5
1765351552933182,add,B,99.96,31,272,8
1765351552933265,add,S,100.07,3,273,7
1765351552933337,cancel,S,100.04,0,44,2
1765351552933475,cancel,B,99.85,0,86,10
1765351552933573,cancel,S,99.97,0,205,6
1765351552933646,add,B,99.97,48,274,4
1765351552933757,cancel,B,99.96,0,114,8
1765351552933850,modify,B,99.99,1,257,3
1765351552933952,add,B,99.97,47,275,2
1765351552934009,add,B,99.98,31,276,4
1765351552934135,add,B,99.96,5,277,8
1765351552934229,add,S,99.99,42,278,1
1765351552934304,cancel,S,100.04,0,85,4
1765351552934461,add,S,100.05,26,279,8
1765351552934571,add,S,100.07,2,280,7
1765351552934685,cancel,S,100.05,0,102,8
1765351552934740,add,B,99.93,5,281,5
1765351552934864,add,S,100.01,21,282,3
1765351552934916,add,B,99.97,41,283,8
1765351552935031,cancel,B,99.85,0,201,10
1765351552935136,modify,S,100.1,19,89,5
1765351552935201,cancel,B,99.97,0,161,2
1765351552935305,add,S,100.1,27,284,9
1765351552935467,add,B,99.99,41,285,3
1765351552935559,cancel,B,99.92,0,89,9
1765351552935627,add,B,99.98,4,286,8
1765351552935736,trade,,99.98,72,0,0
1765351552935855,cancel,B,99.98,0,210,8
1765351552935947,add,B,99.97,19,287,1
1765351552935995,add,S,100.01,37,288,3
1765351552936186,modify,S,100.1,19,254,9
1765351552936205,add,S,99.98,49,289,6
1765351552936296,modify,B,99.92,14,226,9
1765351552936404,cancel,S,100.1,0,127,5
1765351552936495,add,B,99.97,8,290,2
1765351552936690,modify,S,100.06,28,108,10
1765351552936781,cancel,S,100.01,0,220,3
1765351552936817,modify,B,99.85,9,31,10
1765351552936967,add,B,99.93,37,291,5
1765351552937025,trade,,99.97,18,0,0
1765351552937187,modify,S,100.1,5,31,5
1765351552937280,modify,S,100.01,27,128,3
1765351552937322,modify,B,99.98,21,202,8
1765351552937425,cancel,B,99.98,0,193,8
1765351552937589,add,S,100.11,24,292,5
1765351552937649,trade,,99.97,94,0,0
1765351552937749,cancel,S,100.04,0,184,2
1765351552937841,add,B,99.98,18,293,4
1765351552937932,modify,S,100.1,19,173,9
1765351552938053,modify,B,99.97,26,25,1
1765351552938149,add,S,100.01,30,294,3
1765351552938191,trade,,99.98,26,0,0
1765351552938379,trade,,99.98,12,0,0
1765351552938474,add,B,99.98,26,295,3
1765351552938571,add,S,100.04,42,296,4
1765351552938602,cancel,B,99.98,0,1,4
1765351552938707,cancel,B,99.98,0,266,8
1765351552938880,add,B,99.92,9,297,7
1765351552938952,add,B,99.96,21,298,2
1765351552939038,modify,S,100.07,25,71,7
1765351552939108,cancel,S,100.04,0,74,2
1765351552939192,cancel,B,99.98,0,85,8
1765351552939318,cancel,S,100.07,0,78,7
1765351552939447,modify,B,99.96,4,45,2
1765351552939566,cancel,B,99.92,0,180,7
1765351552939608,add,S,100.05,39,299,4
1765351552939767,cancel,S,99.99,0,146,1
1765351552939875,modify,S,100.1,7,106,9
1765351552939986,add,S,100.05,25,300,4
1765351552940005,add,S,100.05,1,301,2
1765351552940137,trade,,99.97,50,0,0
1765351552940263,add,S,100.01,50,302,3
1765351552940300,add,B,99.92,3,303,5
1765351552940398,trade,,99.98,55,0,0
1765351552940580,add,S,100.11,10,304,9
1765351552940626,add,B,99.97,35,305,4
1765351552940732,add,S,100.05,45,306,2
1765351552940846,cancel,B,99.97,0,123,1
1765351552940946,add,S,99.99,43,307,1
1765351552941085,cancel,B,99.96,0,90,2
1765351552941108,cancel,S,100.05,0,84,8
1765351552941257,add,S,100.1,24,308,5
1765351552941307,cancel,S,100.05,0,138,2
1765351552941394,add,B,99.91,17,309,9
1765351552941582,trade,,99.97,64,0,0
1765351552941649,add,B,99.84,24,310,10
1765351552941711,add,B,99.85,47,311,10
1765351552941805,add,S,99.98,16,312,1
1765351552941896,add,B,99.97,3,313,3
1765351552942061,modify,B,99.97,14,215,4
1765351552942183,add,S,100.06,8,314,10
1765351552942255,cancel,B,99.97,0,27,3
1765351552942357,trade,,99.98,37,0,0
1765351552942490,modify,S,100.05,1,168,2
1765351552942538,add,S,100.11,40,315,5
1765351552942622,add,S,100.04,47,316,8
1765351552942760,modify,B,99.97,14,126,3
1765351552942794,add,B,99.97,1,317,1
1765351552942988,cancel,B,99.96,0,158,2
1765351552943021,add,S,100.02,18,318,3
1765351552943102,add,B,99.91,45,319,9
1765351552943238,add,S,100.05,33,320,10
1765351552943308,cancel,S,100.05,0,202,2
1765351552943398,add,S,100.05,17,321,4
1765351552943531,trade,,99.98,90,0,0
1765351552943685,add,B,99.96,13,322,4
1765351552943708,modify,B,99.96,6,300,2
1765351552943848,add,B,99.91,50,323,9
1765351552943917,add,B,99.95,11,324,2
1765351552944078,add,S,100.04,14,325,10
1765351552944132,add,S,99.98,33,326,6
1765351552944197,cancel,B,99.97,0,134,3
1765351552944342,modify,B,99.91,15,285,9
1765351552944404,modify,B,99.95,27,72,2
1765351552944590,trade,,99.99,88,0,0
1765351552944671,trade,,99.98,75,0,0
1765351552944766,add,S,99.97,13,327,1
1765351552944873,add,B,99.91,3,328,6
1765351552944950,add,S,100.08,26,329,7
1765351552945054,add,S,100.02,14,330,3
1765351552945114,add,B,99.96,40,331,3
1765351552945270,cancel,B,99.98,0,152,8
1765351552945361,add,B,99.91,27,332,7
1765351552945416,cancel,S,100.05,0,270,4
1765351552945560,modify,B,99.91,26,196,6
1765351552945653,add,S,99.98,18,333,6
1765351552945714,add,S,99.97,4,334,1
1765351552945850,add,S,100.04,7,335,4
1765351552945922,cancel,S,100.11,0,137,9
1765351552946085,add,S,100.05,25,336,4
1765351552946136,trade,,99.98,76,0,0
1765351552946231,modify,B,99.85,23,184,10
1765351552946335,trade,,99.98,73,0,0
1765351552946415,modify,B,99.91,16,253,9
1765351552946495,add,B,99.95,34,337,4
1765351552946652,add,S,100.04,22,338,4
1765351552946782,add,S,99.97,2,339,6
1765351552946808,cancel,S,100.05,0,73,2
1765351552946937,trade,,99.99,76,0,0
1765351552947003,add,B,99.97,28,340,3
1765351552947172,trade,,99.99,23,0,0
1765351552947280,trade,,99.99,29,0,0
1765351552947375,cancel,B,99.91,0,90,7
1765351552947479,add,B,99.98,37,341,1
1765351552947541,modify,B,99.98,11,291,1
1765351552947669,add,S,100.03,22,342,8
1765351552947785,add,B,99.9,41,343,6
1765351552947802,modify,B,99.9,9,328,6
1765351552947917,add,B,99.91,47,344,5
1765351552947991,add,B,99.9,27,345,7
1765351552948154,modify,B,99.91,27,180,9
1765351552948251,modify,B,99.95,3,296,4
1765351552948295,add,B,99.94,22,346,2
1765351552948412,modify,S,100.05,29,83,2
1765351552948502,add,S,100.04,2,347,8
1765351552948646,trade,,99.97,78,0,0
1765351552948746,add,B,99.94,27,348,4
1765351552948880,cancel,S,100.11,0,277,5
1765351552948929,add,B,99.86,32,349,10
1765351552949010,add,B,99.94,43,350,2
1765351552949171,cancel,B,99.94,0,103,2
1765351552949212,cancel,S,100.04,0,42,8
1765351552949330,modify,S,100.04,9,242,8
1765351552949402,cancel,B,99.97,0,199,3
1765351552949539,add,B,99.91,30,351,5
1765351552949624,add,B,99.97,49,352,1
1765351552949780,cancel,S,99.97,0,44,6
1765351552949843,trade,,99.98,67,0,0
1765351552949944,trade,,99.98,74,0,0
1765351552950021,add,B,99.98,37,353,1
1765351552950157,modify,B,99.86,25,347,10
1765351552950248,add,S,100.03,9,354,4
1765351552950296,add,S,100.07,41,355,7
1765351552950409,modify,S,99.97,30,133,6
1765351552950499,add,S,100.11,18,356,9
1765351552950657,add,S,100.05,34,357,10
1765351552950744,add,B,99.87,38,358,10
1765351552950888,trade,,99.97,37,0,0
1765351552950959,modify,B,99.91,16,211,5
1765351552951064,cancel,B,99.97,0,20,3
1765351552951109,cancel,B,99.9,0,349,7
1765351552951233,cancel,S,100.04,0,26,8
1765351552951338,add,S,100.11,18,359,5
1765351552951453,modify,S,100.05,8,351,2
1765351552951508,add,S,99.97,47,360,6
1765351552951644,cancel,B,99.94,0,46,4
1765351552951743,cancel,S,99.97,0,265,6
1765351552951856,modify,S,100.11,13,34,5
1765351552951908,modify,B,99.87,7,269,10
1765351552952016,modify,B,99.98,30,128,1
1765351552952137,cancel,S,99.97,0,141,6
1765351552952255,add,S,99.96,24,361,1
1765351552952353,cancel,S,100.04,0,91,8
1765351552952435,add,S,100.12,45,362,5
1765351552952502,add,B,99.98,50,363,3
1765351552952618,modify,S,100.03,9,332,4
1765351552952774,add,B,99.98,9,364,1
1765351552952873,add,S,100.03,39,365,4
1765351552952930,cancel,B,99.91,0,364,5
1765351552953039,modify,B,99.91,10,236,5
1765351552953177,add,S,100.04,1,366,10
1765351552953256,trade,,99.98,72,0,0
1765351552953373,cancel,S,100.12,0,145,5
1765351552953452,add,S,99.97,17,367,6
1765351552953574,cancel,B,99.91,0,334,5
1765351552953657,modify,B,99.87,11,30,10
1765351552953778,add,B,99.98,17,368,8
1765351552953844,add,S,100.05,37,369,10
1765351552953915,add,S,100.12,31,370,9
1765351552954076,add,B,99.99,36,371,3
1765351552954114,add,B,99.92,36,372,5
1765351552954288,trade,,99.98,29,0,0
1765351552954336,add,S,100.07,24,373,7
1765351552954424,cancel,B,99.94,0,238,2
1765351552954572,cancel,B,99.94,0,318,2
1765351552954615,add,S,100.08,20,374,7
1765351552954743,add,S,100.01,22,375,3
1765351552954843,trade,,99.98,19,0,0
1765351552954931,modify,B,99.94,21,93,2
1765351552955013,add,B,99.98,14,376,8
1765351552955188,modify,B,99.99,25,296,3
1765351552955290,add,S,100.08,28,377,7
1765351552955352,add,B,99.95,24,378,4
1765351552955392,modify,B,99.95,1,272,4
1765351552955571,cancel,B,99.9,0,116,6
1765351552955604,add,S,100.0,3,379,3
1765351552955729,trade,,99.98,56,0,0
1765351552955878,trade,,99.98,63,0,0
1765351552955936,modify,B,99.9,8,85,7
1765351552956084,trade,,99.97,16,0,0
1765351552956137,cancel,S,100.08,0,20,7
1765351552956223,modify,S,99.96,2,320,1
1765351552956375,add,S,99.97,8,380,1
1765351552956444,add,B,99.92,45,381,5
1765351552956510,add,S,99.97,27,382,1
1765351552956675,add,S,100.06,45,383,10
1765351552956708,add,S,100.13,40,384,9
1765351552956806,add,S,100.03,39,385,8
1765351552956916,modify,B,99.95,14,268,4
1765351552957028,add,S,100.04,31,386,4
1765351552957133,add,B,99.93,37,387,2
1765351552957276,add,S,100.12,47,388,9
1765351552957383,add,B,99.95,19,389,4
1765351552957424,add,B,99.98,19,390,3
1765351552957537,modify,S,100.08,4,161,7
1765351552957688,modify,S,100.0,6,5,3
1765351552957733,add,B,99.87,47,391,10
1765351552957802,add,B,99.93,26,392,2
1765351552957949,add,B,99.98,42,393,8
1765351552958012,add,S,99.96,7,394,1
1765351552958144,trade,,99.98,73,0,0
1765351552958277,add,S,99.98,2,395,6
1765351552958378,modify,B,99.98,16,373,3
1765351552958405,modify,B,99.98,21,226,1
1765351552958531,add,S,100.13,37,396,9
1765351552958683,cancel,S,99.98,0,343,6
1765351552958779,cancel,S,100.08,0,49,7
1765351552958822,add,S,100.07,36,397,7
1765351552958969,add,S,100.01,31,398,3
1765351552959054,modify,B,99.98,11,39,8
1765351552959126,add,B,99.9,16,399,7
1765351552959201,add,S,100.02,32,400,8
1765351552959348,add,S,99.95,26,401,1
1765351552959443,add,S,100.06,40,402,2
1765351552959572,add,S,100.05,43,403,4
1765351552959649,trade,,99.97,59,0,0
1765351552959733,cancel,B,99.87,0,318,10
1765351552959875,add,B,99.94,15,404,2
1765351552959891,add,S,100.13,34,405,5
1765351552960038,cancel,B,99.98,0,24,3
1765351552960182,cancel,B,99.94,0,210,2
1765351552960216,add,S,100.06,30,406,7
1765351552960315,cancel,B,99.9,0,56,7
1765351552960472,modify,S,100.06,15,302,2
1765351552960549,cancel,S,100.01,0,259,3
1765351552960591,add,B,99.91,31,407,7
1765351552960756,modify,B,99.87,27,91,10
1765351552960807,add,S,100.06,33,408,10
1765351552960940,add,S,100.05,26,409,4
1765351552961034,trade,,99.98,18,0,0
1765351552961108,add,S,100.13,45,410,9
1765351552961261,modify,S,100.13,7,365,9
1765351552961317,cancel,S,99.98,0,149,6
1765351552961407,trade,,99.98,91,0,0
1765351552961505,modify,S,100.02,22,288,8
1765351552961681,add,S,100.13,28,411,9
1765351552961692,add,B,99.97,43,412,3
1765351552961798,add,S,100.01,44,413,3
1765351552961923,add,B,99.91,49,414,5
1765351552962060,add,S,100.07,44,415,2
1765351552962185,cancel,B,99.91,0,115,9
1765351552962256,modify,S,100.13,2,409,5
1765351552962339,add,S,99.99,4,416,6
1765351552962392,cancel,S,100.06,0,104,10
1765351552962547,modify,S,99.99,18,325,6
1765351552962685,cancel,B,99.95,0,398,4
1765351552962713,trade,,99.97,24,0,0
1765351552962813,cancel,B,99.91,0,62,7
1765351552962926,cancel,S,100.01,0,67,3
1765351552963023,add,B,99.96,10,417,3
1765351552963132,cancel,S,100.06,0,397,10
1765351552963229,add,S,99.98,46,418,6
1765351552963331,add,S,100.12,33,419,9
1765351552963411,add,S,100.07,15,420,2
1765351552963518,cancel,B,99.9,0,170,6
1765351552963687,cancel,S,100.12,0,244,9
1765351552963774,add,S,100.01,42,421,8
1765351552963869,trade,,99.98,49,0,0
1765351552963905,add,S,100.12,34,422,5
1765351552964089,add,S,100.01,3,423,8
1765351552964128,modify,S,99.98,4,99,6
1765351552964212,trade,,99.97,81,0,0
1765351552964299,add,S,100.06,28,424,4
1765351552964404,add,S,100.07,5,425,7
1765351552964586,cancel,S,100.01,0,13,8
1765351552964595,add,B,99.92,5,426,5
1765351552964764,modify,B,99.91,21,133,7
1765351552964842,add,B,99.95,1,427,2
1765351552964973,cancel,B,99.87,0,33,10
1765351552965000,add,S,100.13,20,428,5
1765351552965168,add,S,100.01,26,429,8
1765351552965275,add,B,99.94,48,430,4
1765351552965341,modify,S,100.13,5,280,5
1765351552965429,cancel,S,99.98,0,408,6
1765351552965492,cancel,B,99.96,0,285,3
1765351552965591,cancel,S,100.12,0,202,9
1765351552965701,add,S,99.97,27,431,6
1765351552965873,modify,B,99.96,20,73,3
1765351552965923,add,B,99.86,49,432,10
1765351552966061,add,S,100.14,5,433,5
1765351552966123,add,S,100.01,23,434,8
1765351552966207,cancel,B,99.95,0,121,2
1765351552966299,trade,,99.98,89,0,0
1765351552966465,add,S,99.97,11,435,6
1765351552966491,add,S,100.07,24,436,7
1765351552966608,cancel,B,99.98,0,170,8
1765351552966736,modify,B,99.91,21,250,9
1765351552966868,add,B,99.97,13,437,3
1765351552966924,cancel,S,100.07,0,321,2
1765351552966993,modify,S,99.95,19,324,1
1765351552967142,modify,S,99.95,18,109,1
1765351552967260,add,S,99.97,15,438,6
1765351552967389,cancel,B,99.97,0,149,3
1765351552967456,add,B,99.99,16,439,1
1765351552967569,cancel,B,99.91,0,388,9
1765351552967611,add,S,100.02,47,440,3
1765351552967752,trade,,99.97,29,0,0
1765351552967888,add,B,99.89,3,441,6
1765351552967976,add,S,99.97,31,442,6
1765351552968049,modify,B,99.89,17,21,6
1765351552968172,modify,S,100.14,19,428,5
1765351552968213,add,B,99.87,5,443,10
1765351552968357,add,S,100.07,26,444,4
1765351552968436,modify,S,100.01,29,177,8
1765351552968568,add,S,100.0,15,445,8
1765351552968600,add,B,99.96,11,446,3
1765351552968737,cancel,S,100.07,0,419,2
1765351552968844,modify,B,99.95,16,369,2
1765351552968952,add,B,99.9,16,447,7
1765351552968996,add,S,100.03,33,448,3
1765351552969096,modify,B,99.99,30,76,1
1765351552969214,add,B,99.88,2,449,10
1765351552969383,cancel,S,100.14,0,421,5
1765351552969418,add,S,99.99,15,450,8
1765351552969543,cancel,S,100.06,0,407,10
1765351552969614,cancel,B,99.92,0,262,5
1765351552969778,add,B,99.87,15,451,10
1765351552969839,add,B,99.95,33,452,4
1765351552969978,add,B,99.94,31,453,2
1765351552970069,cancel,S,100.12,0,450,9
1765351552970106,add,S,100.07,1,454,10
1765351552970290,cancel,B,99.91,0,221,9
1765351552970296,cancel,S,100.07,0,220,4
1765351552970452,modify,S,99.97,24,196,6
1765351552970588,modify,B,99.94,9,295,2
1765351552970652,modify,B,99.94,29,440,2
1765351552970760,add,B,100.0,34,455,1
1765351552970806,add,B,99.96,21,456,4
1765351552970943,add,B,99.87,17,457,10
1765351552971059,add,B,99.93,26,458,5
1765351552971187,add,S,100.12,12,459,9
1765351552971238,cancel,S,100.14,0,248,5
1765351552971364,add,S,100.04,8,460,3
1765351552971486,add,S,100.03,14,461,3
1765351552971556,add,B,99.92,45,462,9
1765351552971678,cancel,S,100.07,0,83,7
1765351552971691,modify,B,99.96,20,422,3
1765351552971846,add,B,99.88,39,463,6
1765351552971895,cancel,S,100.07,0,206,10
1765351552972027,cancel,S,99.95,0,306,1
1765351552972113,cancel,B,100.0,0,225,1
1765351552972275,trade,,99.97,79,0,0
1765351552972312,cancel,S,100.07,0,185,4
1765351552972411,add,B,99.9,43,464,7
1765351552972541,add,B,100.01,46,465,1
1765351552972599,trade,,99.98,93,0,0
1765351552972762,trade,,99.97,29,0,0
1765351552972868,trade,,99.98,52,0,0
1765351552972964,add,B,99.91,36,466,9
1765351552973000,add,B,99.95,17,467,2
1765351552973159,modify,S,100.14,13,295,5
1765351552973263,add,B,99.88,44,468,6
1765351552973349,modify,B,100.01,9,442,1
1765351552973399,add,S,100.08,45,469,4
1765351552973520,modify,S,99.97,1,212,6
1765351552973680,modify,B,99.93,22,128,5
1765351552973786,modify,S,100.12,16,39,9
1765351552973831,add,S,100.13,48,470,5
1765351552973978,trade,,99.97,95,0,0
1765351552974021,modify,B,99.96,8,106,4
1765351552974170,add,S,100.06,44,471,2
1765351552974275,add,B,99.9,31,472,9
1765351552974338,cancel,S,100.07,0,253,10
1765351552974453,add,S,100.12,26,473,9
1765351552974519,modify,S,99.95,14,66,1
1765351552974652,trade,,99.97,65,0,0
1765351552974735,add,S,100.03,8,474,3
1765351552974880,add,B,100.0,44,475,1
1765351552974917,add,B,99.89,17,476,6
1765351552975014,add,B,99.99,22,477,8
1765351552975137,add,B,99.91,49,478,7
1765351552975238,add,B,99.98,37,479,8
1765351552975307,trade,,99.98,31,0,0
1765351552975462,add,B,99.97,10,480,3
1765351552975551,modify,B,99.91,29,91,7
1765351552975671,add,S,99.99,17,481,8
1765351552975762,modify,B,99.91,6,25,7
1765351552975798,add,B,99.95,48,482,2
1765351552975933,add,B,99.9,23,483,9
1765351552975993,add,B,99.86,37,484,10
1765351552976164,cancel,S,100.03,0,276,3
1765351552976227,add,S,100.0,29,485,8
1765351552976301,add,B,99.96,41,486,3
1765351552976434,add,S,100.06,6,487,7
1765351552976511,add,B,99.94,18,488,5
1765351552976668,cancel,S,100.0,0,139,8
1765351552976737,cancel,B,99.98,0,267,8
1765351552976814,modify,S,100.08,24,65,4
1765351552976980,cancel,B,99.96,0,108,3
1765351552977003,add,S,100.11,2,489,9
1765351552977189,add,S,100.05,17,490,2
1765351552977270,add,S,100.06,15,491,7
1765351552977322,cancel,B,99.96,0,227,3
1765351552977412,add,S,99.97,30,492,6
1765351552977560,trade,,99.98,18,0,0
1765351552977680,add,S,100.01,48,493,8
1765351552977772,modify,S,100.11,18,223,9
1765351552977830,trade,,99.97,57,0,0
1765351552977930,add,B,99.93,1,494,5
1765351552978057,modify,B,99.96,16,435,3
1765351552978159,add,S,100.01,1,495,8
1765351552978289,add,B,99.95,36,496,4
1765351552978338,add,S,100.06,16,497,7
1765351552978411,cancel,S,100.06,0,331,7
1765351552978519,add,B,99.96,49,498,4
1765351552978669,modify,B,99.93,24,351,5
1765351552978759,modify,S,100.08,6,212,4
1765351552978808,add,S,100.07,18,499,10
1765351552978980,cancel,B,99.89,0,97,6
1765351552978997,trade,,99.97,24,0,0
1765351552979104,add,B,99.99,1,500,8
1765351552979220,add,B,99.96,27,501,4
1765351552979330,modify,B,99.89,26,256,6
1765351552979395,add,S,100.02,18,502,3
1765351552979590,add,S,100.01,17,503,3
1765351552979639,modify,B,99.96,15,63,4
1765351552979722,cancel,B,99.96,0,18,4
1765351552979889,add,S,100.08,25,504,4
1765351552979978,trade,,99.97,96,0,0
1765351552980061,add,B,99.92,24,505,5
1765351552980097,modify,B,99.95,14,112,2
1765351552980232,add,S,100.06,26,506,10
1765351552980322,add,B,100.0,39,507,8
1765351552980410,add,B,99.96,6,508,3
1765351552980578,cancel,B,100.0,0,477,1
1765351552980673,add,S,100.04,32,509,2
1765351552980720,add,S,99.97,47,510,6
1765351552980815,add,B,99.96,3,511,3
1765351552980953,cancel,S,100.13,0,287,5
1765351552981053,add,B,99.89,47,512,6
1765351552981150,add,S,100.1,5,513,9
1765351552981258,add,B,99.93,24,514,5
1765351552981349,add,S,100.07,12,515,7
1765351552981393,cancel,B,99.86,0,373,10
1765351552981583,add,S,100.06,34,516,7
1765351552981678,add,S,100.06,21,517,10
1765351552981743,cancel,S,100.04,0,114,2
1765351552981799,add,S,100.0,13,518,3
1765351552981904,add,B,99.87,25,519,10
1765351552982075,add,S,100.06,4,520,10
1765351552982137,add,S,99.94,42,521,1
1765351552982253,trade,,99.97,60,0,0
1765351552982372,add,S,100.06,46,522,7
1765351552982398,modify,B,99.9,3,273,9
1765351552982529,add,B,99.89,7,523,9
1765351552982683,add,B,99.97,43,524,4
1765351552982722,cancel,S,100.1,0,184,9
1765351552982844,cancel,S,100.01,0,367,8
1765351552982945,modify,S,100.0,17,171,3
1765351552983034,cancel,S,99.97,0,454,6
1765351552983161,trade,,99.98,93,0,0
1765351552983232,cancel,S,100.06,0,220,7
1765351552983386,add,S,100.01,1,525,8
1765351552983483,add,B,100.01,9,526,1
1765351552983529,add,S,100.08,2,527,4
1765351552983689,modify,S,100.1,19,283,9
1765351552983764,add,B,99.88,9,528,6
1765351552983824,add,S,100.08,20,529,4
1765351552983902,cancel,S,100.04,0,223,2
1765351552984052,add,S,100.05,39,530,10
1765351552984173,add,S,100.05,6,531,10
1765351552984290,add,S,99.97,27,532,6
1765351552984306,modify,S,100.05,21,233,10
1765351552984490,cancel,S,100.13,0,56,5
1765351552984531,add,B,99.9,15,533,9
1765351552984610,add,S,100.06,49,534,7
1765351552984767,cancel,B,99.97,0,93,4
1765351552984841,add,B,100.01,48,535,8
1765351552984897,add,B,99.92,28,536,7
1765351552985090,cancel,S,100.01,0,139,8
1765351552985153,add,S,100.11,48,537,9
1765351552985258,add,B,99.92,44,538,7
1765351552985364,add,S,100.06,23,539,7
1765351552985415,add,S,99.94,11,540,1
1765351552985535,cancel,B,99.87,0,453,10
1765351552985596,trade,,99.97,26,0,0
1765351552985778,add,S,100.03,48,541,2
1765351552985797,add,S,100.0,1,542,3
1765351552985934,cancel,B,99.93,0,114,5
1765351552985993,add,S,100.07,35,543,4
1765351552986157,modify,S,100.05,5,495,10
1765351552986279,cancel,S,100.06,0,19,7
1765351552986375,add,B,100.01,13,544,1
1765351552986480,cancel,S,100.01,0,55,8
1765351552986492,add,S,99.96,2,545,6
1765351552986628,modify,S,100.07,17,396,4
1765351552986781,add,B,99.88,6,546,10
1765351552986814,add,S,100.12,2,547,9
1765351552986896,add,S,99.96,26,548,6
1765351552987086,add,B,99.88,41,549,6
1765351552987129,add,S,100.12,4,550,9
1765351552987271,add,B,100.02,18,551,1
1765351552987319,add,S,99.99,47,552,3
1765351552987439,add,S,100.07,16,553,4
1765351552987564,add,S,100.05,29,554,10
1765351552987660,add,S,100.06,44,555,10
1765351552987716,modify,S,100.12,14,317,9
1765351552987889,add,S,99.99,5,556,3
1765351552987962,add,S,99.99,10,557,3
1765351552988084,add,B,99.92,20,558,7
1765351552988147,cancel,S,99.99,0,281,3
1765351552988204,add,B,99.89,18,559,10
1765351552988368,cancel,B,99.89,0,237,10
1765351552988478,add,B,100.0,33,560,8
1765351552988568,add,S,99.99,32,561,3
1765351552988651,add,B,100.02,49,562,1
1765351552988692,trade,,99.97,97,0,0
1765351552988817,add,S,100.02,32,563,8
1765351552988979,add,B,99.97,26,564,4
1765351552989090,add,S,100.07,21,565,7
1765351552989141,cancel,S,100.12,0,550,9
1765351552989281,modify,B,99.95,27,534,2
1765351552989296,modify,S,100.12,24,252,9
1765351552989396,cancel,B,100.02,0,529,1
1765351552989547,add,B,99.93,11,566,5
1765351552989645,add,S,100.11,30,567,9
1765351552989773,add,S,100.02,50,568,2
1765351552989865,trade,,99.97,51,0,0
1765351552989943,add,B,100.01,46,569,8
1765351552990016,modify,B,99.93,21,93,5
1765351552990182,modify,B,99.95,15,127,2
1765351552990272,add,S,100.08,33,570,7
1765351552990369,trade,,99.97,43,0,0
1765351552990463,modify,S,99.99,6,154,3
1765351552990589,cancel,B,99.93,0,430,5
1765351552990689,trade,,99.98,81,0,0
1765351552990714,add,B,99.96,40,571,4
1765351552990888,add,B,100.02,1,572,8
1765351552990968,modify,S,100.07,16,244,4
1765351552991049,add,B,99.88,16,573,10
1765351552991161,add,S,100.06,12,574,4
1765351552991209,add,B,99.95,43,575,3
1765351552991364,modify,S,99.96,2,306,6
1765351552991404,add,B,99.94,43,576,5
1765351552991579,cancel,S,99.99,0,576,3
1765351552991686,cancel,S,100.02,0,37,2
1765351552991732,add,B,99.95,36,577,2
1765351552991799,add,B,99.94,34,578,5
1765351552991943,add,S,100.05,7,579,10
1765351552992064,cancel,B,99.95,0,542,2
1765351552992179,cancel,S,100.08,0,295,7
1765351552992231,add,S,100.05,9,580,10
1765351552992369,cancel,B,100.02,0,533,8
1765351552992414,modify,S,100.13,1,239,5
1765351552992506,add,S,100.03,14,581,2
1765351552992669,trade,,99.97,2,0,0
1765351552992772,add,B,99.95,20,582,2
1765351552992855,add,S,100.04,22,583,2
1765351552992934,add,S,99.93,13,584,1
1765351552993033,modify,S,100.02,21,491,8
1765351552993108,add,S,100.11,30,585,9
1765351552993243,trade,,99.97,67,0,0
1765351552993329,cancel,S,100.11,0,324,9
1765351552993417,cancel,B,99.88,0,340,6
1765351552993510,add,B,99.93,35,586,7
1765351552993612,cancel,S,99.99,0,399,3
1765351552993787,add,S,99.93,27,587,1
1765351552993802,add,B,100.02,14,588,8
1765351552993958,add,B,100.01,6,589,1
1765351552994047,add,S,100.1,13,590,9
1765351552994134,trade,,99.98,19,0,0
1765351552994289,modify,B,99.95,2,529,3
1765351552994349,add,S,100.03,20,591,2
1765351552994396,cancel,B,99.88,0,90,6
1765351552994496,add,S,100.12,37,592,5
1765351552994688,add,S,99.95,13,593,6
1765351552994727,add,B,100.03,8,594,8
1765351552994825,add,B,100.02,36,595,1
1765351552994956,add,S,100.1,18,596,9
1765351552995009,trade,,99.98,74,0,0
1765351552995122,add,B,99.89,29,597,6
1765351552995197,add,B,100.01,25,598,1
1765351552995297,add,B,99.89,41,599,10
1765351552995479,cancel,B,99.94,0,365,5
1765351552995516,cancel,S,100.03,0,547,2
1765351552995687,modify,B,99.95,26,582,3
1765351552995780,add,B,100.03,15,600,8
1765351552995819,add,S,100.12,26,601,5
1765351552995914,cancel,B,99.89,0,339,6
1765351552995994,add,B,100.03,11,602,8
1765351552996127,modify,S,99.99,13,589,3
1765351552996282,modify,S,100.1,26,334,9
1765351552996329,add,B,99.92,40,603,7
1765351552996422,add,S,100.07,22,604,7
1765351552996517,modify,S,100.07,11,442,7
1765351552996660,cancel,S,100.03,0,178,2
1765351552996782,cancel,S,100.03,0,499,2
1765351552996850,add,B,100.02,20,605,8
1765351552996942,add,B,99.89,21,606,10
1765351552997054,cancel,B,99.95,0,63,2
1765351552997108,modify,S,99.99,15,1,3
1765351552997259,add,S,100.01,14,607,8
1765351552997378,modify,S,100.05,22,307,10
1765351552997429,trade,,99.98,12,0,0
1765351552997565,add,S,100.06,19,608,7
1765351552997598,add,S,99.92,46,609,1
1765351552997762,modify,S,100.03,28,368,2
1765351552997794,add,S,100.07,21,610,7
1765351552997982,add,B,99.89,43,611,9
1765351552998013,add,B,99.92,27,612,7
1765351552998110,add,S,99.98,1,613,3
1765351552998200,cancel,S,100.01,0,148,8
1765351552998308,add,S,100.07,45,614,7
1765351552998468,trade,,99.97,59,0,0
1765351552998556,add,S,100.07,15,615,7
1765351552998614,add,B,100.03,16,616,8
1765351552998782,add,B,99.9,24,617,9
1765351552998795,trade,,99.96,75,0,0
1765351552998952,trade,,99.96,19,0,0
1765351552999084,cancel,S,100.01,0,287,8
1765351552999157,modify,B,99.96,24,91,4
1765351552999275,trade,,99.98,79,0,0
1765351552999297,trade,,99.97,61,0,0
1765351552999449,add,B,99.89,23,618,6
1765351552999528,add,B,99.9,20,619,10
1765351552999684,modify,S,99.92,19,267,1
1765351552999712,cancel,B,99.9,0,299,10
1765351552999853,add,S,100.12,9,620,5
1765351552999969,add,S,99.93,8,621,1
1765351553000068,add,S,99.99,29,622,3
1765351553000138,modify,B,99.96,26,268,4
1765351553000258,modify,S,100.03,20,352,2
1765351553000310,modify,B,99.92,15,423,7
1765351553000483,cancel,S,100.05,0,216,10
1765351553000535,add,B,99.94,11,623,2
1765351553000650,add,B,99.89,25,624,9
1765351553000778,cancel,B,99.94,0,486,5
1765351553000846,add,S,100.01,44,625,8
1765351553000931,trade,,99.98,56,0,0
1765351553001069,trade,,99.98,43,0,0
1765351553001125,add,B,99.9,30,626,10
1765351553001289,cancel,S,100.05,0,248,10
1765351553001357,add,S,99.99,36,627,3
1765351553001392,cancel,B,100.01,0,70,1
1765351553001558,add,B,99.97,19,628,4
1765351553001623,add,B,99.93,39,629,2
1765351553001775,modify,S,100.05,23,223,10
1765351553001806,add,S,100.08,49,630,7
1765351553001973,cancel,S,100.03,0,190,2
1765351553002023,add,S,100.04,30,631,2
1765351553002126,modify,B,99.94,3,332,5
1765351553002226,modify,B,99.92,2,392,7
1765351553002324,trade,,99.98,26,0,0
1765351553002469,add,S,100.03,35,632,2
1765351553002589,add,S,100.03,46,633,2
1765351553002624,add,B,99.91,17,634,10
1765351553002790,add,S,100.0,41,635,3
1765351553002791,trade,,99.98,35,0,0
1765351553002910,cancel,B,99.91,0,401,10
1765351553003081,trade,,99.97,70,0,0
1765351553003119,add,S,100.0,37,636,8
1765351553003259,trade,,99.98,43,0,0
1765351553003378,add,B,99.93,35,637,2
1765351553003434,add,B,99.95,13,638,5
1765351553003513,cancel,B,99.97,0,394,4
1765351553003640,modify,B,100.03,21,368,8
1765351553003747,cancel,B,100.01,0,144,1
1765351553003883,trade,,99.98,64,0,0
1765351553003959,trade,,99.98,3,0,0
1765351553003995,add,B,100.01,8,639,1
1765351553004118,modify,S,100.0,28,536,8
1765351553004259,add,S,100.02,48,640,2
1765351553004309,add,B,99.9,16,641,10
1765351553004480,cancel,S,100.0,0,15,3
1765351553004530,modify,S,100.0,27,100,8
1765351553004666,add,S,100.02,39,642,2
1765351553004769,add,S,100.08,48,643,7
1765351553004877,add,B,99.91,9,644,10
1765351553004932,modify,S,99.93,11,219,1
1765351553004999,add,B,99.91,45,645,7
1765351553005138,cancel,S,100.06,0,450,4
1765351553005196,add,S,100.05,50,646,10
1765351553005311,add,B,100.0,12,647,1
1765351553005402,cancel,B,99.95,0,608,5
1765351553005589,add,B,99.96,18,648,3
1765351553005657,add,B,99.97,45,649,3
1765351553005695,cancel,S,100.05,0,512,10
1765351553005871,modify,B,99.89,18,309,6
1765351553005921,add,S,100.03,24,650,2
1765351553006088,trade,,99.97,36,0,0
1765351553006097,add,S,100.0,12,651,8
1765351553006211,cancel,S,99.93,0,45,1
1765351553006327,add,B,99.91,3,652,10
1765351553006404,cancel,B,99.97,0,551,3
1765351553006494,add,B,99.98,29,653,4
1765351553006666,cancel,S,100.06,0,430,4
1765351553006732,add,B,99.97,16,654,4
1765351553006885,add,B,99.96,31,655,4
1765351553006965,add,S,99.99,40,656,3
1765351553007049,add,B,100.04,13,657,8
1765351553007171,add,B,99.88,3,658,6
1765351553007279,cancel,B,99.97,0,288,3
1765351553007350,add,B,99.87,19,659,6
1765351553007468,add,S,100.04,37,660,10
1765351553007561,modify,S,100.08,16,89,7
1765351553007618,cancel,B,99.95,0,474,5
1765351553007745,cancel,B,99.96,0,253,4
1765351553007865,add,S,100.0,1,661,3
1765351553007944,trade,,99.97,61,0,0
1765351553008084,modify,S,100.08,16,35,7
1765351553008179,modify,B,100.04,18,464,8
1765351553008287,add,S,100.05,23,662,4
1765351553008328,add,S,99.93,43,663,1
1765351553008430,add,B,99.92,38,664,10
1765351553008494,trade,,99.97,24,0,0
1765351553008637,cancel,S,99.93,0,649,1
1765351553008700,add,S,100.09,19,665,9
1765351553008845,modify,S,100.09,7,628,9
1765351553008978,add,S,99.94,44,666,1
1765351553009037,modify,B,99.91,20,114,7
1765351553009095,add,B,99.9,5,667,9
1765351553009262,cancel,S,100.0,0,210,3
1765351553009321,add,S,100.05,14,668,10
1765351553009487,cancel,B,99.87,0,231,6
1765351553009525,add,B,99.99,24,669,1
1765351553009634,add,S,100.03,46,670,2
1765351553009759,cancel,B,99.95,0,546,5
1765351553009838,modify,S,100.05,15,68,4
1765351553009902,add,S,100.11,7,671,5
1765351553010012,add,S,99.99,14,672,8
1765351553010156,trade,,99.96,38,0,0
1765351553010244,trade,,99.97,54,0,0
1765351553010347,cancel,B,99.95,0,22,5
1765351553010393,modify,S,100.09,14,238,9
1765351553010565,add,S,99.95,38,673,6
1765351553010675,cancel,B,100.04,0,562,8
1765351553010763,add,S,100.0,15,674,3
1765351553010852,add,B,99.98,23,675,1
1765351553010927,add,B,99.98,35,676,3
1765351553011027,add,B,99.97,16,677,3
1765351553011104,add,B,99.97,17,678,3
1765351553011238,add,S,99.95,21,679,1
1765351553011335,add,B,99.98,20,680,3
1765351553011405,trade,,99.97,64,0,0
1765351553011589,add,B,99.86,1,681,6
1765351553011684,add,S,100.11,19,682,5
1765351553011787,trade,,99.97,44,0,0
1765351553011879,add,B,99.97,44,683,1
1765351553011960,add,B,99.91,29,684,10
1765351553012036,add,B,99.97,34,685,4
1765351553012118,modify,B,99.97,18,285,4
1765351553012248,cancel,B,99.9,0,90,9
1765351553012353,add,S,99.96,24,686,1
1765351553012440,add,S,99.95,24,687,6
1765351553012492,add,B,100.05,6,688,8
1765351553012618,cancel,S,100.08,0,455,7
1765351553012727,add,S,100.09,27,689,7
1765351553012808,modify,B,99.93,10,613,2
1765351553012950,trade,,99.97,9,0,0
1765351553013066,modify,B,99.97,30,91,1
1765351553013125,add,S,100.04,13,690,10
1765351553013214,modify,B,99.9,27,297,9
1765351553013329,modify,S,99.99,15,312,8
1765351553013418,add,B,99.95,41,691,5
1765351553013572,add,S,100.11,12,692,5
1765351553013653,trade,,99.97,64,0,0
1765351553013699,cancel,B,99.91,0,371,10
1765351553013846,modify,S,99.99,27,644,8
1765351553013905,add,S,99.96,11,693,1
1765351553014065,add,B,99.98,11,694,3
1765351553014097,add,B,99.85,19,695,6
1765351553014228,add,S,100.08,50,696,9
1765351553014371,add,B,99.99,21,697,3
1765351553014431,modify,S,100.11,23,309,5
1765351553014537,add,S,99.99,9,698,3
1765351553014657,add,S,100.09,11,699,7
1765351553014704,add,S,100.06,40,700,4
1765351553014879,modify,S,100.08,23,539,9
1765351553014987,modify,S,99.99,4,428,8
1765351553015007,trade,,99.97,45,0,0
1765351553015130,cancel,S,99.99,0,143,8
1765351553015267,add,S,100.0,20,701,3
1765351553015294,cancel,B,99.97,0,122,4
1765351553015479,add,B,99.98,9,702,3
1765351553015501,add,S,100.02,2,703,2
1765351553015690,add,B,99.96,3,704,4
1765351553015775,add,B,99.93,3,705,2
1765351553015799,add,B,99.92,39,706,2
1765351553015917,cancel,S,100.0,0,205,3
1765351553015994,add,S,100.12,23,707,5
1765351553016136,add,S,100.03,33,708,10
1765351553016263,add,S,99.97,14,709,1
1765351553016382,add,B,99.89,47,710,9
1765351553016403,trade,,99.97,47,0,0
1765351553016580,cancel,B,99.92,0,451,2
1765351553016636,trade,,99.97,28,0,0
1765351553016756,add,B,99.84,30,711,6
1765351553016805,add,B,99.85,19,712,6
1765351553016962,cancel,B,99.85,0,85,6
1765351553017040,add,S,100.13,29,713,5
1765351553017119,cancel,B,99.91,0,298,7
1765351553017199,modify,B,99.85,22,488,6
1765351553017353,cancel,S,99.99,0,406,8
1765351553017477,add,B,99.92,38,714,7
1765351553017504,cancel,B,99.92,0,173,2
1765351553017616,add,S,100.08,15,715,7
1765351553017745,cancel,S,100.03,0,286,10
1765351553017887,modify,B,99.92,22,660,7
1765351553017968,trade,,99.97,99,0,0
1765351553018049,add,B,100.04,41,716,8
1765351553018108,add,S,100.02,44,717,2
1765351553018194,trade,,99.98,78,0,0
1765351553018377,add,B,99.9,49,718,10
1765351553018400,cancel,S,99.99,0,533,8
1765351553018516,add,B,99.89,35,719,9
1765351553018634,modify,B,99.89,25,554,9
1765351553018695,trade,,99.98,41,0,0
1765351553018839,add,B,99.99,43,720,3
1765351553018990,add,S,99.99,9,721,8
1765351553019030,cancel,S,100.02,0,500,2
1765351553019153,cancel,S,100.08,0,702,9
1765351553019251,cancel,B,99.89,0,161,9
1765351553019324,add,S,100.04,23,722,10
1765351553019489,trade,,99.98,8,0,0
1765351553019494,cancel,B,99.85,0,132,6
1765351553019685,cancel,B,99.85,0,641,6
1765351553019745,add,B,99.84,43,723,6
1765351553019822,add,S,100.03,45,724,10
1765351553019899,modify,B,99.84,18,118,6
1765351553020032,add,S,100.09,33,725,7
1765351553020144,add,S,100.02,21,726,10
1765351553020239,cancel,B,99.9,0,331,10
1765351553020353,add,S,99.95,33,727,6
1765351553020488,cancel,B,99.9,0,171,10
1765351553020546,add,S,100.03,14,728,2
1765351553020627,add,B,99.9,15,729,10
1765351553020770,cancel,B,99.9,0,95,10
1765351553020834,add,S,100.08,28,730,9
1765351553020917,add,B,99.96,20,731,5
1765351553021046,cancel,B,99.96,0,321,4
1765351553021123,cancel,B,99.89,0,465,9
1765351553021193,cancel,S,100.0,0,529,3
1765351553021318,cancel,S,100.13,0,479,5
1765351553021459,modify,S,100.02,2,445,10
1765351553021557,add,B,99.95,48,732,4
1765351553021678,modify,B,99.92,27,446,7
1765351553021699,cancel,S,100.13,0,423,5
1765351553021873,add,S,100.06,16,733,4
1765351553021905,add,B,99.96,32,734,5
1765351553022062,trade,,99.96,21,0,0
1765351553022125,add,B,99.97,36,735,5
1765351553022213,cancel,S,99.99,0,44,8
1765351553022298,modify,S,99.95,28,86,6
1765351553022399,trade,,99.97,47,0,0
1765351553022576,cancel,S,100.09,0,93,7
1765351553022683,modify,S,100.03,17,242,2
1765351553022706,add,S,100.08,32,736,9
1765351553022802,add,B,99.84,38,737,6
1765351553022985,add,S,100.06,14,738,4
1765351553023009,add,B,99.97,27,739,5
1765351553023123,modify,S,99.99,23,58,8
1765351553023205,add,B,99.95,10,740,4
1765351553023337,add,B,99.96,42,741,5
1765351553023468,add,S,99.98,43,742,1
1765351553023521,add,B,99.85,8,743,6
1765351553023659,modify,B,99.92,13,454,7
1765351553023723,add,S,100.06,14,744,4
1765351553023811,trade,,99.97,5,0,0
1765351553023926,modify,S,99.99,30,504,8
1765351553024033,cancel,S,100.0,0,103,3
1765351553024155,add,B,99.9,21,745,9
1765351553024249,cancel,S,100.0,0,54,3
1765351553024373,add,B,99.96,37,746,5
1765351553024401,add,B,100.0,44,747,3
1765351553024543,modify,B,100.04,24,328,8
1765351553024608,add,S,99.95,13,748,6
1765351553024701,add,B,99.93,15,749,7
1765351553024793,trade,,99.96,12,0,0
1765351553024950,add,S,99.99,26,750,3
1765351553025070,add,B,99.92,11,751,2
1765351553025163,add,S,100.09,44,752,7
1765351553025254,add,S,100.06,19,753,4
1765351553025386,add,B,99.96,14,754,4
1765351553025427,cancel,B,99.93,0,194,7
1765351553025509,add,S,100.07,29,755,4
1765351553025622,add,S,99.98,1,756,8
1765351553025751,add,B,99.94,14,757,7
1765351553025882,add,B,99.9,5,758,10
1765351553025903,cancel,S,99.95,0,54,6
1765351553026051,trade,,99.96,1,0,0
1765351553026123,add,B,99.95,24,759,7
1765351553026207,trade,,99.96,75,0,0
1765351553026313,add,S,99.95,9,760,6
1765351553026402,add,S,99.99,8,761,3
1765351553026531,add,B,99.97,24,762,5
1765351553026646,add,S,100.02,34,763,10
1765351553026731,add,B,100.03,36,764,8
1765351553026875,cancel,B,99.97,0,451,1
1765351553026897,add,B,99.96,46,765,5
1765351553027050,add,S,99.97,29,766,8
1765351553027136,trade,,99.96,93,0,0
1765351553027209,add,B,99.95,11,767,5
1765351553027386,add,B,99.89,38,768,10
1765351553027391,add,S,100.08,16,769,7
1765351553027589,add,B,99.84,19,770,6
1765351553027678,trade,,99.96,51,0,0
1765351553027738,cancel,B,99.84,0,109,6
1765351553027801,add,S,99.97,41,771,8
1765351553027925,cancel,S,99.95,0,6,6
1765351553028074,cancel,S,99.95,0,464,6
1765351553028184,trade,,99.96,83,0,0
1765351553028227,add,B,99.93,39,772,2
1765351553028339,add,B,99.96,6,773,4
1765351553028393,modify,S,100.08,10,167,7
1765351553028573,modify,B,100.0,16,670,3
1765351553028646,cancel,B,99.89,0,318,10
1765351553028776,add,B,99.96,29,774,4
1765351553028840,add,S,100.07,49,775,7
1765351553028945,modify,B,100.0,14,629,3
1765351553029002,add,B,100.04,15,776,8
1765351553029173,cancel,S,99.97,0,159,8
1765351553029273,add,B,99.94,31,777,7
1765351553029329,add,B,99.94,34,778,5
1765351553029445,add,B,99.92,33,779,2
1765351553029504,add,B,100.05,47,780,8
1765351553029663,modify,S,100.13,25,364,5
1765351553029755,add,S,99.96,12,781,8
1765351553029841,add,B,99.94,38,782,5
1765351553029983,add,S,100.02,22,783,10
1765351553030014,add,B,99.89,44,784,10
1765351553030104,add,B,99.93,1,785,7
1765351553030212,cancel,S,100.07,0,472,7
1765351553030386,cancel,S,100.13,0,499,5
1765351553030469,add,S,100.07,6,786,7
1765351553030507,add,B,99.98,13,787,1
1765351553030594,add,S,100.07,41,788,4
1765351553030759,add,B,100.04,31,789,8
1765351553030845,add,B,100.01,45,790,3
1765351553030947,trade,,99.97,3,0,0
1765351553031048,cancel,S,100.13,0,207,5
1765351553031141,add,B,99.93,32,791,7
1765351553031285,cancel,S,100.08,0,749,9
1765351553031295,add,B,99.9,40,792,10
1765351553031477,trade,,99.96,68,0,0
1765351553031493,add,B,99.92,42,793,2
1765351553031644,modify,S,99.96,21,120,8
1765351553031735,add,B,100.01,47,794,3
1765351553031815,add,B,99.89,38,795,9
1765351553031978,add,S,99.95,19,796,8
1765351553032083,cancel,S,99.95,0,427,6
1765351553032111,cancel,S,100.03,0,290,2
1765351553032207,add,B,100.03,27,797,8
1765351553032354,add,B,99.97,23,798,1
1765351553032424,add,B,99.88,5,799,9
1765351553032534,add,S,100.04,15,800,2
1765351553032653,add,B,99.83,50,801,6
1765351553032762,add,B,99.89,43,802,9
1765351553032804,cancel,S,99.95,0,449,8
1765351553032987,add,B,99.91,7,803,10
1765351553033062,add,B,99.91,24,804,2
1765351553033111,cancel,S,99.95,0,726,8
1765351553033254,cancel,S,99.99,0,102,3
1765351553033333,modify,B,99.96,14,126,4
1765351553033489,modify,B,100.03,17,252,8
1765351553033512,add,B,99.93,41,805,7
1765351553033676,add,S,100.08,15,806,9
1765351553033708,modify,S,100.07,28,424,7
1765351553033857,modify,B,99.97,25,371,1
1765351553033892,cancel,B,99.91,0,530,2
1765351553034031,add,S,100.06,26,807,7
1765351553034188,add,S,100.0,4,808,3
1765351553034271,trade,,99.97,54,0,0
1765351553034342,modify,S,100.08,24,718,9
1765351553034486,add,B,99.95,40,809,5
1765351553034509,cancel,S,100.07,0,457,4
1765351553034670,modify,S,99.95,29,668,8
1765351553034774,add,B,99.94,3,810,5
1765351553034859,add,S,100.01,35,811,3
1765351553034927,add,S,100.14,22,812,5
1765351553035087,cancel,S,99.98,0,24,1
1765351553035160,cancel,S,100.14,0,248,5
1765351553035255,add,B,99.83,41,813,6
1765351553035355,add,B,99.91,20,814,2
1765351553035464,cancel,S,99.95,0,465,6
1765351553035586,trade,,99.95,45,0,0
1765351553035629,add,S,100.03,9,815,10
1765351553035782,add,S,100.04,34,816,2
1765351553035865,add,S,99.94,10,817,8
1765351553035982,add,B,99.9,28,818,2
1765351553036007,add,B,99.84,34,819,6
1765351553036142,cancel,S,100.06,0,532,7
1765351553036265,add,B,100.04,32,820,8
1765351553036384,trade,,99.95,19,0,0
1765351553036455,add,S,100.02,33,821,3
1765351553036558,add,B,100.03,48,822,8
1765351553036611,trade,,99.96,15,0,0
1765351553036706,add,B,99.88,8,823,9
1765351553036838,add,B,99.94,2,824,5
1765351553036909,add,S,99.98,19,825,1
1765351553037018,add,S,99.97,36,826,1
1765351553037135,add,B,100.04,20,827,8
1765351553037263,add,B,99.93,47,828,7
1765351553037368,add,B,100.04,43,829,8
1765351553037448,add,S,100.05,43,830,2
1765351553037570,add,B,99.93,35,831,7
1765351553037596,trade,,99.96,95,0,0
1765351553037726,cancel,S,99.97,0,170,1
1765351553037889,cancel,S,100.05,0,575,2
1765351553037901,add,S,100.02,37,832,10
1765351553038057,add,B,99.96,43,833,1
1765351553038159,add,B,99.95,46,834,4
1765351553038265,add,S,100.02,26,835,10
1765351553038366,add,S,99.97,28,836,1
1765351553038414,add,S,99.95,17,837,6
1765351553038502,add,B,100.01,10,838,3
1765351553038614,add,B,99.94,44,839,5
1765351553038712,add,S,100.01,46,840,3
1765351553038798,add,B,100.01,21,841,3
1765351553038924,add,S,100.04,13,842,2
1765351553039021,modify,B,99.95,25,601,4
1765351553039155,add,B,99.96,30,843,1
1765351553039261,add,B,99.94,15,844,7
1765351553039293,add,S,100.03,49,845,2
1765351553039462,cancel,S,100.14,0,129,5
1765351553039548,add,S,100.06,24,846,4
1765351553039660,trade,,99.96,72,0,0
1765351553039748,add,S,100.02,42,847,10
1765351553039812,add,S,99.94,39,848,8
1765351553039923,modify,S,99.95,7,390,6
1765351553040065,modify,B,99.96,18,289,1
1765351553040163,add,B,99.89,47,849,2
1765351553040262,trade,,99.96,27,0,0
1765351553040369,add,S,99.96,17,850,6
1765351553040487,cancel,S,100.06,0,280,4
1765351553040532,add,B,99.91,2,851,10
1765351553040679,add,S,100.02,1,852,10
1765351553040692,cancel,S,100.08,0,424,9
1765351553040881,add,B,99.9,42,853,2
1765351553040900,add,S,99.95,8,854,8
1765351553041036,trade,,99.96,23,0,0
1765351553041189,modify,B,99.9,30,9,2
1765351553041215,add,B,99.96,44,855,1
1765351553041381,add,B,99.92,20,856,10
1765351553041482,add,S,99.95,18,857,6
1765351553041554,trade,,99.95,1,0,0
1765351553041616,trade,,99.96,73,0,0
1765351553041755,add,S,100.03,44,858,10
1765351553041868,cancel,B,99.92,0,67,10
1765351553041899,add,S,100.07,47,859,4
1765351553042026,add,S,100.09,17,860,9
1765351553042178,cancel,S,99.97,0,465,1
1765351553042273,cancel,S,99.97,0,666,1
1765351553042332,add,S,100.13,44,861,5
1765351553042457,add,B,99.97,15,862,1
1765351553042497,add,B,100.04,1,863,8
1765351553042641,add,B,99.91,48,864,10
1765351553042719,trade,,99.96,10,0,0
1765351553042822,add,B,99.91,41,865,2
1765351553042903,add,B,99.98,41,866,1
1765351553043033,modify,B,99.91,11,254,2
1765351553043097,modify,S,100.07,25,533,4
1765351553043267,cancel,S,100.03,0,783,2
1765351553043365,add,S,99.97,21,867,1
1765351553043479,add,B,100.03,20,868,8
1765351553043569,cancel,S,100.03,0,68,2
1765351553043662,add,S,100.05,40,869,7
1765351553043787,add,S,100.02,30,870,10
1765351553043840,add,B,99.92,7,871,10
1765351553043934,cancel,B,99.98,0,692,1
1765351553044033,cancel,B,99.91,0,111,2
1765351553044182,add,S,100.08,9,872,4
1765351553044272,add,B,100.04,40,873,8
1765351553044347,add,B,99.97,9,874,1
1765351553044430,cancel,B,99.84,0,526,6
1765351553044560,modify,B,100.04,11,151,8
1765351553044628,add,B,99.93,44,875,10
1765351553044709,add,S,100.08,28,876,9
1765351553044835,add,B,99.94,22,877,4
1765351553044915,cancel,S,99.95,0,712,8
1765351553045033,modify,S,99.95,14,580,6
1765351553045133,add,B,99.97,15,878,1
1765351553045191,cancel,B,99.94,0,710,4
1765351553045318,add,S,99.96,25,879,6
1765351553045417,add,S,99.97,1,880,1
1765351553045500,add,S,100.01,29,881,3
1765351553045615,cancel,B,99.84,0,784,6
1765351553045694,add,B,99.94,47,882,4
1765351553045813,add,S,100.0,2,883,3
1765351553045913,modify,S,99.97,5,104,1
1765351553046039,cancel,S,99.96,0,114,6
1765351553046130,add,B,99.85,11,884,6
1765351553046258,trade,,99.95,16,0,0
1765351553046309,modify,B,99.94,13,134,4
1765351553046479,add,S,100.07,49,885,4
1765351553046569,cancel,B,99.88,0,875,9
1765351553046610,add,B,99.93,33,886,5
1765351553046765,modify,S,100.03,26,215,2
1765351553046875,cancel,B,99.88,0,172,9
1765351553046973,modify,S,99.95,6,384,8
1765351553047032,cancel,S,99.95,0,539,8
1765351553047154,add,S,100.03,3,887,10
1765351553047217,add,B,99.94,14,888,4
1765351553047330,add,B,100.01,17,889,3
1765351553047461,add,S,100.13,34,890,5
1765351553047536,add,B,99.89,22,891,9
1765351553047645,add,B,99.85,21,892,6
1765351553047725,add,B,99.94,42,893,4
1765351553047800,add,B,99.9,35,894,9
1765351553047973,add,B,99.93,8,895,4
1765351553048000,add,S,99.95,44,896,6
1765351553048133,add,S,100.12,46,897,5
1765351553048268,trade,,99.96,2,0,0
1765351553048389,add,S,100.05,38,898,7
1765351553048487,cancel,S,100.08,0,484,9
1765351553048510,modify,S,100.07,7,234,4
1765351553048651,add,S,100.08,47,899,9
1765351553048750,add,B,99.93,50,900,4
1765351553048880,add,B,99.89,24,901,9
1765351553048908,cancel,S,100.12,0,132,5
1765351553048992,add,S,99.95,15,902,6
1765351553049144,add,S,100.08,21,903,9
1765351553049266,add,S,99.99,22,904,3
1765351553049363,cancel,S,100.03,0,618,10
1765351553049441,trade,,99.96,25,0,0
1765351553049551,add,S,99.96,20,905,8
1765351553049602,add,S,99.98,45,906,3
1765351553049768,add,B,99.91,19,907,2
1765351553049817,add,S,100.03,4,908,2
1765351553049938,add,B,99.94,11,909,7
1765351553050005,add,B,99.91,14,910,2
1765351553050107,modify,S,100.05,22,318,7
1765351553050251,add,S,100.13,13,911,5
1765351553050355,cancel,B,99.93,0,470,5
1765351553050409,add,S,100.02,34,912,10
1765351553050533,trade,,99.97,59,0,0
1765351553050650,cancel,B,99.91,0,755,2
1765351553050749,add,S,100.13,40,913,5
1765351553050813,add,B,99.94,28,914,10
1765351553050949,add,S,100.01,26,915,10
1765351553051080,trade,,99.97,81,0,0
1765351553051159,add,S,100.07,27,916,4
1765351553051288,cancel,S,100.03,0,378,2
1765351553051355,modify,B,99.94,9,334,7
1765351553051417,add,B,99.92,45,917,2
1765351553051577,cancel,S,99.95,0,391,6
1765351553051615,add,B,99.93,9,918,2
1765351553051732,cancel,B,100.04,0,476,8
1765351553051801,add,B,100.03,31,919,8
1765351553051926,modify,S,99.97,6,175,1
1765351553052028,add,S,99.97,43,920,3
1765351553052188,add,B,100.03,12,921,8
1765351553052218,cancel,B,99.89,0,915,9
1765351553052380,add,S,100.09,43,922,9
1765351553052482,cancel,S,100.05,0,106,7
1765351553052547,add,B,99.93,16,923,7
1765351553052638,trade,,99.96,12,0,0
1765351553052693,add,S,99.94,44,924,6
1765351553052876,add,S,100.04,11,925,2
1765351553052983,add,B,99.93,21,926,2
1765351553053062,cancel,S,100.07,0,640,4
1765351553053141,trade,,99.97,42,0,0
1765351553053213,add,S,99.97,14,927,1
1765351553053349,add,S,100.14,40,928,5
1765351553053438,add,S,100.05,50,929,7
1765351553053567,add,S,100.1,11,930,9
1765351553053623,trade,,99.97,81,0,0
1765351553053780,add,S,99.97,12,931,3
1765351553053872,modify,S,99.94,22,705,6
1765351553053952,add,B,99.94,25,932,10
1765351553054056,cancel,S,100.1,0,239,9
1765351553054092,add,S,100.04,16,933,2
1765351553054285,add,B,99.92,9,934,2
1765351553054338,add,B,99.92,42,935,7
1765351553054395,add,S,99.97,22,936,8
1765351553054508,add,S,99.98,27,937,1
1765351553054673,modify,B,99.97,24,769,1
1765351553054733,add,B,99.98,16,938,1
1765351553054878,cancel,S,100.01,0,228,10
1765351553054957,add,B,99.97,32,939,1
1765351553054999,trade,,99.97,17,0,0
1765351553055102,add,S,100.06,33,940,4
1765351553055201,add,B,100.02,13,941,3
1765351553055322,add,S,100.14,37,942,5
1765351553055448,trade,,99.97,35,0,0
1765351553055552,add,S,100.05,11,943,7
1765351553055651,add,S,100.04,31,944,7
1765351553055693,modify,S,100.04,30,438,2
1765351553055829,cancel,S,100.1,0,157,9
1765351553055923,add,B,99.93,36,945,5
1765351553056068,add,B,100.02,10,946,8
1765351553056115,add,S,99.94,26,947,6
1765351553056244,trade,,99.98,40,0,0
1765351553056373,trade,,99.97,53,0,0
1765351553056395,trade,,99.98,25,0,0
1765351553056588,add,B,99.86,46,948,6
1765351553056653,cancel,S,99.98,0,378,1
1765351553056745,cancel,B,100.02,0,249,8
1765351553056837,cancel,S,99.98,0,693,1
1765351553056973,add,S,99.97,16,949,3
1765351553057068,cancel,B,100.02,0,679,3
1765351553057189,add,S,100.04,46,950,7
1765351553057266,trade,,99.98,67,0,0
1765351553057315,modify,B,99.92,10,170,7
1765351553057455,trade,,99.99,94,0,0
1765351553057543,modify,B,99.92,19,947,2
1765351553057690,modify,B,100.02,7,834,3
1765351553057786,add,B,100.02,1,951,3
1765351553057803,add,S,100.1,42,952,9
1765351553057927,cancel,B,100.02,0,175,3
1765351553058081,add,B,99.88,29,953,9
1765351553058163,modify,B,99.93,6,191,4
1765351553058288,add,S,100.04,41,954,7
1765351553058370,add,S,100.04,6,955,2
1765351553058439,add,B,99.98,16,956,1
1765351553058552,add,S,99.97,18,957,1
1765351553058687,trade,,99.98,13,0,0
1765351553058718,add,B,99.95,49,958,10
1765351553058825,trade,,99.98,44,0,0
1765351553058938,cancel,S,99.94,0,352,6
1765351553059037,cancel,B,99.95,0,388,10
1765351553059136,modify,B,99.92,28,826,2
1765351553059280,add,S,99.96,39,959,3
1765351553059306,modify,B,99.93,20,287,4
1765351553059478,cancel,B,99.88,0,487,9
1765351553059515,add,S,99.93,41,960,6
1765351553059637,modify,S,99.93,8,827,6
1765351553059768,add,S,100.04,28,961,2
1765351553059851,trade,,99.97,94,0,0
1765351553059940,add,B,100.03,37,962,3
1765351553060082,add,B,99.92,44,963,2
1765351553060161,trade,,99.97,62,0,0
1765351553060275,add,B,100.04,45,964,3
1765351553060302,add,S,99.96,21,965,1
1765351553060440,modify,S,100.14,29,226,5
1765351553060576,add,B,99.89,47,966,9
1765351553060653,add,S,100.07,50,967,4
1765351553060767,add,B,99.93,42,968,7
1765351553060862,trade,,99.98,30,0,0
1765351553060919,add,B,99.91,22,969,2
1765351553061085,cancel,S,100.04,0,193,2
1765351553061107,modify,S,100.01,10,390,10
1765351553061198,cancel,S,100.04,0,195,7
1765351553061331,modify,S,99.96,20,817,3
1765351553061466,add,B,99.89,21,970,9
1765351553061509,modify,B,99.93,15,304,4
1765351553061609,cancel,S,99.96,0,150,1
1765351553061730,add,S,100.15,37,971,5
1765351553061852,cancel,B,100.02,0,221,8
1765351553061939,add,S,99.97,14,972,3
1765351553062084,trade,,99.97,63,0,0
1765351553062184,add,S,99.96,36,973,3
1765351553062241,add,S,99.93,26,974,6
1765351553062300,add,B,99.94,36,975,4
1765351553062441,add,B,99.94,46,976,10
1765351553062529,add,B,100.04,45,977,3
1765351553062652,add,B,99.95,13,978,4
1765351553062785,cancel,B,99.94,0,371,10
1765351553062809,add,S,99.95,7,979,3
1765351553062936,trade,,99.97,7,0,0
1765351553063006,trade,,99.97,81,0,0
1765351553063183,add,B,99.95,32,980,4
1765351553063229,cancel,S,99.95,0,978,3
1765351553063339,modify,S,100.04,28,815,2
1765351553063474,add,S,99.97,1,981,8
1765351553063506,add,B,99.88,2,982,9
1765351553063666,cancel,B,100.02,0,587,8
1765351553063786,add,S,100.04,42,983,7
1765351553063880,add,S,100.04,5,984,2
1765351553063982,trade,,99.97,52,0,0
1765351553064080,add,S,100.11,32,985,9
1765351553064099,add,S,100.03,43,986,2
1765351553064206,add,S,99.94,36,987,3
1765351553064348,modify,B,99.98,7,126,1
1765351553064474,add,S,99.95,8,988,1
1765351553064555,add,S,99.94,43,989,3
1765351553064591,add,B,99.88,43,990,9
1765351553064759,add,S,99.94,23,991,6
1765351553064868,add,B,99.92,3,992,2
1765351553064921,add,B,99.94,39,993,4
1765351553065061,add,B,100.05,40,994,3
1765351553065145,add,B,99.94,11,995,7
1765351553065242,add,S,100.05,10,996,7
1765351553065359,add,S,100.16,45,997,5
1765351553065473,add,B,99.89,11,998,9
1765351553065544,modify,B,99.94,20,324,7
1765351553065622,add,B,99.93,36,999,2
1765351553065743,add,S,99.94,50,1000,6
1765351553065825,add,S,100.15,7,1001,5
1765351553065939,trade,,99.97,23,0,0
1765351553066058,cancel,S,100.01,0,314,10
1765351553066153,add,B,99.94,36,1002,10
1765351553066225,cancel,B,99.98,0,919,1
1765351553066387,add,B,99.9,39,1003,9
1765351553066442,add,B,99.99,33,1004,1
1765351553066582,add,B,99.95,48,1005,7
1765351553066625,add,S,99.95,50,1006,6
1765351553066722,cancel,B,100.02,0,429,8
1765351553066836,modify,B,99.93,14,515,5
1765351553066957,trade,,99.98,40,0,0
1765351553067072,modify,B,99.93,11,971,5
1765351553067102,cancel,S,100.07,0,79,4
1765351553067212,cancel,S,100.15,0,87,5
1765351553067354,modify,S,100.05,30,11,7
1765351553067484,add,B,99.91,8,1007,9
1765351553067542,add,B,100.0,28,1008,1
1765351553067680,add,B,99.92,39,1009,9
1765351553067696,cancel,S,99.94,0,988,3
1765351553067888,add,B,99.93,9,1010,2
1765351553067956,add,B,100.02,11,1011,8
1765351553068038,trade,,99.98,38,0,0
1765351553068129,add,B,100.01,41,1012,1
1765351553068263,add,S,100.1,30,1013,9
1765351553068370,modify,B,99.86,15,59,6
1765351553068433,add,B,99.87,12,1014,6
1765351553068542,add,B,100.01,6,1015,8
1765351553068658,add,B,99.93,1,1016,2
1765351553068710,modify,B,99.94,12,257,4
1765351553068829,add,S,100.1,7,1017,9
1765351553068947,cancel,B,100.05,0,450,3
1765351553069086,add,B,99.93,13,1018,4
1765351553069127,add,B,99.86,11,1019,6
1765351553069276,add,B,99.92,27,1020,5
1765351553069353,cancel,B,100.05,0,820,3
1765351553069488,modify,S,100.1,24,410,9
1765351553069540,add,S,99.94,10,1021,1
1765351553069635,add,S,100.06,44,1022,4
1765351553069734,add,S,99.94,31,1023,1
1765351553069828,add,B,99.94,40,1024,7
1765351553069910,cancel,B,99.93,0,383,4
1765351553070005,modify,B,99.94,23,507,7
1765351553070104,cancel,S,100.06,0,372,4
1765351553070266,cancel,B,99.93,0,305,4
1765351553070342,add,S,99.94,2,1025,3
1765351553070469,add,S,100.05,34,1026,7
1765351553070530,cancel,B,99.93,0,474,4
1765351553070652,add,B,100.01,8,1027,1
1765351553070725,add,S,100.04,21,1028,7
1765351553070797,add,B,99.85,19,1029,6
1765351553070951,add,S,100.03,17,1030,7
1765351553071053,add,B,99.94,1,1031,2
1765351553071178,cancel,B,99.85,0,267,6
1765351553071237,cancel,S,100.06,0,762,4
1765351553071317,cancel,B,99.94,0,179,2
1765351553071486,cancel,S,100.01,0,85,10
1765351553071574,modify,S,99.97,3,396,8
1765351553071660,cancel,S,99.97,0,618,8
1765351553071716,add,B,100.04,27,1032,3
1765351553071861,cancel,B,99.85,0,712,6
1765351553071982,add,B,100.01,34,1033,8
1765351553072055,modify,B,99.94,5,342,10
1765351553072128,add,S,100.07,26,1034,4
1765351553072254,cancel,B,100.04,0,154,3
1765351553072356,add,S,100.04,18,1035,7
1765351553072417,add,B,99.94,45,1036,4
1765351553072492,modify,S,100.1,17,933,9
1765351553072624,add,B,99.93,8,1037,5
1765351553072712,add,S,100.14,41,1038,5
1765351553072809,trade,,99.99,18,0,0
1765351553072925,modify,S,100.07,7,106,4
1765351553073059,add,S,100.01,21,1039,10
1765351553073101,trade,,99.98,53,0,0
1765351553073269,add,S,99.94,15,1040,1
1765351553073384,trade,,99.98,33,0,0
1765351553073393,add,S,100.0,47,1041,10
1765351553073586,cancel,S,100.0,0,528,10
1765351553073647,add,B,99.95,49,1042,10
1765351553073741,add,B,99.94,10,1043,7
1765351553073852,add,B,100.03,13,1044,3
1765351553073963,add,S,100.13,20,1045,5
1765351553074011,modify,B,99.95,5,808,10
1765351553074100,add,B,99.93,47,1046,7
1765351553074258,add,S,99.95,7,1047,1
1765351553074339,add,B,100.02,3,1048,1
1765351553074407,add,B,100.04,39,1049,3
1765351553074492,modify,S,100.03,27,20,2
1765351553074634,modify,B,99.94,25,175,4
1765351553074763,modify,B,99.93,5,335,5
1765351553074822,add,S,100.09,2,1050,9
1765351553074896,add,B,99.92,10,1051,9
1765351553074991,trade,,99.98,46,0,0
1765351553075174,add,S,100.05,46,1052,7
1765351553075205,add,S,100.06,19,1053,4
1765351553075336,add,B,99.84,3,1054,6
1765351553075468,add,B,99.85,12,1055,6
1765351553075577,add,S,100.14,19,1056,5
1765351553075635,modify,S,99.97,30,556,8
1765351553075724,modify,S,99.95,5,157,1
1765351553075890,cancel,B,100.04,0,656,3
1765351553075983,modify,B,99.94,14,980,2
1765351553076084,add,B,100.03,50,1057,3
1765351553076140,add,B,100.02,27,1058,8
1765351553076268,modify,S,99.94,21,683,3
1765351553076322,add,S,100.1,32,1059,9
1765351553076459,add,B,99.95,46,1060,2
1765351553076544,add,S,100.07,6,1061,4
1765351553076621,add,B,100.02,36,1062,1
1765351553076751,trade,,99.98,8,0,0
1765351553076835,add,S,99.94,30,1063,3
1765351553076909,modify,B,99.94,8,863,4
1765351553076998,cancel,B,100.03,0,241,3
1765351553077094,cancel,B,99.85,0,870,6
1765351553077204,cancel,S,99.97,0,152,8
1765351553077311,add,B,99.94,5,1064,2
1765351553077392,cancel,S,99.94,0,853,3
1765351553077551,cancel,B,100.02,0,614,8
1765351553077634,add,S,99.95,8,1065,1
1765351553077710,add,S,99.99,33,1066,10
1765351553077811,add,S,99.98,46,1067,8
1765351553077924,trade,,99.99,21,0,0
1765351553078025,trade,,99.99,17,0,0
1765351553078186,add,S,100.07,12,1068,4
1765351553078286,trade,,99.99,62,0,0
1765351553078331,cancel,B,99.93,0,830,7
1765351553078438,cancel,B,99.93,0,399,5
1765351553078500,add,S,99.94,16,1069,6
1765351553078627,add,B,99.95,1,1070,4
1765351553078787,trade,,99.98,71,0,0
1765351553078816,cancel,B,99.95,0,67,4
1765351553078963,cancel,B,100.02,0,991,1
1765351553079002,trade,,99.99,51,0,0
1765351553079155,add,S,99.93,45,1071,6
1765351553079277,add,B,99.91,33,1072,9
1765351553079390,add,S,100.05,38,1073,7
1765351553079395,add,B,100.01,41,1074,8
1765351553079502,trade,,99.98,28,0,0
1765351553079678,cancel,S,100.1,0,330,9
1765351553079784,cancel,B,99.85,0,1072,6
1765351553079807,add,B,99.92,46,1075,7
1765351553079990,cancel,S,100.07,0,490,4
1765351553080068,add,B,100.0,1,1076,8
1765351553080109,modify,S,100.1,26,634,9
1765351553080202,add,B,100.03,11,1077,3
1765351553080299,add,B,99.93,12,1078,2
1765351553080481,modify,S,99.98,25,529,8
1765351553080547,cancel,S,100.03,0,288,2
1765351553080653,add,S,100.05,40,1079,7
1765351553080778,add,B,99.95,24,1080,10
1765351553080801,cancel,B,100.0,0,1037,8
1765351553080978,add,S,99.96,16,1081,1
1765351553081080,modify,S,99.94,10,17,3
1765351553081139,add,B,99.92,25,1082,2
1765351553081250,cancel,B,100.0,0,715,8
1765351553081359,trade,,99.98,51,0,0
1765351553081489,add,B,99.92,22,1083,2
1765351553081568,add,S,99.97,18,1084,8
1765351553081649,add,B,99.99,41,1085,8
1765351553081718,add,B,99.95,4,1086,10
1765351553081837,modify,B,99.95,28,970,4
1765351553081893,trade,,99.99,35,0,0
1765351553082023,cancel,B,100.03,0,172,3
1765351553082142,add,S,99.97,34,1087,8
1765351553082218,cancel,S,99.94,0,532,3
1765351553082302,modify,S,99.93,10,878,6
1765351553082412,add,S,99.97,35,1088,8
1765351553082579,modify,S,99.93,19,895,6
1765351553082640,modify,S,100.03,19,407,2
1765351553082769,add,S,99.92,10,1089,6
1765351553082849,trade,,99.99,34,0,0
1765351553082957,cancel,S,99.94,0,923,3
1765351553083072,trade,,99.98,5,0,0
1765351553083118,cancel,S,100.05,0,385,7
1765351553083290,add,B,99.84,13,1090,6
1765351553083377,cancel,S,99.92,0,30,6
1765351553083393,add,B,99.93,32,1091,2
1765351553083574,trade,,99.98,67,0,0
1765351553083688,add,S,99.97,24,1092,8
1765351553083713,cancel,B,99.91,0,334,9
1765351553083827,modify,S,100.14,30,896,5
1765351553083903,trade,,99.97,12,0,0
1765351553084074,add,S,100.03,48,1093,2
1765351553084187,cancel,S,99.97,0,205,8
1765351553084195,cancel,B,99.95,0,862,4
1765351553084349,cancel,S,100.07,0,235,4
1765351553084406,add,S,99.97,42,1094,8
1765351553084581,modify,S,99.96,26,811,1
1765351553084619,add,B,99.93,27,1095,5
1765351553084777,add,S,100.04,1,1096,7
1765351553084794,add,B,99.92,39,1097,9
1765351553084931,add,S,100.03,36,1098,7
1765351553085041,add,S,99.97,28,1099,1
1765351553085107,trade,,99.98,41,0,0
1765351553085257,add,B,100.04,8,1100,3
1765351553085371,cancel,S,100.14,0,803,5
1765351553085411,trade,,99.97,12,0,0
1765351553085502,add,B,99.94,2,1101,10
1765351553085670,cancel,B,99.94,0,162,10
1765351553085786,cancel,B,99.84,0,930,6
1765351553085874,modify,S,100.07,8,609,4
1765351553085983,modify,S,100.14,9,775,5
1765351553086001,trade,,99.97,15,0,0
1765351553086149,trade,,99.97,14,0,0
1765351553086209,add,S,100.02,32,1102,2
1765351553086337,trade,,99.97,53,0,0
1765351553086400,add,S,100.08,27,1103,4
1765351553086539,modify,B,100.04,1,924,3
1765351553086613,cancel,S,100.02,0,65,2
1765351553086735,add,S,100.09,11,1104,9
1765351553086857,cancel,S,100.08,0,250,4
1765351553086959,add,S,99.93,24,1105,3
1765351553087005,modify,B,99.84,3,61,6
1765351553087184,cancel,B,99.93,0,260,5
1765351553087216,trade,,99.98,91,0,0
1765351553087361,cancel,B,99.99,0,957,8
1765351553087442,trade,,99.98,51,0,0
1765351553087504,cancel,S,99.93,0,639,3
1765351553087683,add,S,100.04,48,1106,7
1765351553087725,modify,B,99.94,7,221,10
1765351553087863,add,S,100.02,11,1107,2
1765351553087895,trade,,99.98,76,0,0
1765351553088043,add,S,100.09,26,1108,9
1765351553088094,add,S,100.03,23,1109,7
1765351553088222,add,S,99.91,50,1110,6
1765351553088331,add,B,100.03,22,1111,1
1765351553088418,add,S,100.09,5,1112,4
1765351553088540,add,B,99.94,36,1113,4
1765351553088626,cancel,S,99.99,0,154,10
1765351553088744,cancel,S,99.91,0,892,6
1765351553088816,add,S,99.96,18,1114,8
1765351553088944,add,B,99.94,38,1115,10
1765351553089040,add,B,100.04,37,1116,1
1765351553089091,trade,,99.98,5,0,0
1765351553089259,trade,,99.98,44,0,0
1765351553089373,add,B,99.93,20,1117,7
1765351553089426,add,B,99.94,50,1118,2
1765351553089531,add,B,99.94,30,1119,5
1765351553089654,modify,S,99.91,4,249,6
1765351553089694,add,S,99.92,21,1120,3
1765351553089879,cancel,B,100.04,0,464,3
1765351553089983,trade,,99.97,89,0,0
1765351553089997,add,S,100.01,20,1121,2
1765351553090100,add,S,100.03,45,1122,7
1765351553090212,trade,,99.99,16,0,0
1765351553090307,add,B,99.94,41,1123,10
1765351553090448,cancel,B,99.92,0,1069,9
1765351553090552,cancel,S,99.91,0,575,6
1765351553090652,add,B,99.95,6,1124,5
1765351553090736,cancel,S,100.09,0,497,4
1765351553090800,trade,,99.98,60,0,0
1765351553090940,add,B,99.95,49,1125,4
1765351553091058,add,B,99.96,30,1126,5
1765351553091174,add,S,99.91,24,1127,3
1765351553091240,trade,,99.98,100,0,0
1765351553091342,add,B,100.05,20,1128,3
1765351553091464,cancel,S,99.96,0,302,8
1765351553091586,add,B,99.98,18,1129,8
1765351553091594,add,S,99.91,8,1130,6
1765351553091761,add,B,100.05,33,1131,3
1765351553091846,add,B,99.96,7,1132,5
1765351553091897,cancel,B,99.95,0,866,4
1765351553092042,add,B,99.94,34,1133,10
1765351553092146,add,B,99.94,15,1134,4
1765351553092205,add,B,99.95,5,1135,5
1765351553092359,add,B,99.95,46,1136,10
1765351553092442,add,B,99.95,14,1137,5
1765351553092512,modify,S,100.14,10,712,5
1765351553092684,add,B,99.95,48,1138,10
1765351553092730,modify,B,100.05,3,489,3
1765351553092812,add,S,99.9,43,1139,3
1765351553092951,add,B,99.94,11,1140,5
1765351553093077,modify,B,99.95,16,20,10
1765351553093165,add,S,99.95,3,1141,8
1765351553093193,cancel,S,100.09,0,596,4
1765351553093312,modify,B,99.94,24,193,2
1765351553093433,add,S,100.09,43,1142,9
1765351553093553,add,B,99.84,46,1143,6
1765351553093633,modify,B,99.94,17,992,2
1765351553093784,cancel,S,100.03,0,303,7
1765351553093875,trade,,99.99,47,0,0
1765351553093917,cancel,S,100.03,0,397,7
1765351553094026,modify,S,99.95,29,1116,8
1765351553094158,add,S,99.91,26,1144,6
1765351553094266,add,S,100.13,3,1145,5
1765351553094365,add,B,99.94,28,1146,10
1765351553094449,cancel,B,99.94,0,711,5
1765351553094492,add,S,99.96,10,1147,8
1765351553094657,trade,,99.98,39,0,0
1765351553094753,add,S,99.97,3,1148,1
1765351553094818,add,S,99.97,20,1149,1
1765351553094891,add,S,99.96,17,1150,1
1765351553095008,add,B,99.93,50,1151,9
1765351553095162,add,B,99.93,47,1152,5
1765351553095216,add,S,100.12,3,1153,5
1765351553095351,trade,,99.99,55,0,0
1765351553095442,trade,,99.98,34,0,0
1765351553095529,cancel,B,99.94,0,355,10
1765351553095632,modify,B,99.94,14,286,4
1765351553095761,add,B,99.94,41,1154,5
1765351553095850,add,B,99.92,9,1155,7
1765351553095958,add,B,99.84,23,1156,6
1765351553096045,add,S,99.95,36,1157,8
1765351553096094,trade,,99.99,32,0,0
1765351553096265,add,B,99.94,19,1158,9
1765351553096297,modify,B,100.05,1,805,3
1765351553096450,modify,S,99.95,3,1061,8
1765351553096498,add,S,100.01,39,1159,2
1765351553096603,modify,S,99.95,28,1159,8
1765351553096698,add,S,100.1,46,1160,9
1765351553096797,cancel,S,99.9,0,1058,3
1765351553096954,add,S,99.9,41,1161,3
1765351553097030,cancel,S,99.95,0,14,8
1765351553097116,add,B,99.93,34,1162,10
1765351553097203,add,B,100.05,29,1163,1
1765351553097341,add,B,99.92,12,1164,7
1765351553097421,modify,S,100.12,22,1120,5
1765351553097547,modify,B,99.92,1,253,7
1765351553097614,add,S,100.08,33,1165,4
1765351553097785,cancel,B,99.98,0,411,8
1765351553097828,cancel,S,99.91,0,1010,6
1765351553097941,add,S,99.95,28,1166,8
1765351553098009,add,B,99.93,1,1167,10
1765351553098165,add,S,99.99,3,1168,10
1765351553098236,trade,,99.99,93,0,0
1765351553098349,add,S,99.92,33,1169,6
1765351553098417,add,S,100.04,5,1170,7
1765351553098513,cancel,B,99.93,0,721,10
1765351553098682,modify,S,100.12,22,287,5
1765351553098729,trade,,99.99,49,0,0
1765351553098851,cancel,S,99.99,0,370,10
1765351553098955,modify,B,99.94,11,1077,5
1765351553099066,trade,,99.99,75,0,0
1765351553099170,modify,B,100.05,24,139,1
1765351553099211,add,S,99.96,31,1171,8
1765351553099332,modify,S,100.01,6,485,2
1765351553099484,modify,B,99.94,9,861,2
1765351553099505,add,S,99.96,39,1172,8
1765351553099671,modify,B,99.84,15,357,6
1765351553099739,add,S,100.09,13,1173,9
1765351553099823,add,S,100.07,48,1174,4
1765351553099911,add,S,100.06,38,1175,4
1765351553099994,cancel,B,99.94,0,198,4
1765351553100108,modify,S,100.04,28,737,7
1765351553100200,add,S,100.09,13,1176,9
1765351553100317,cancel,B,99.94,0,971,9
1765351553100470,modify,B,99.94,21,283,2
1765351553100539,modify,B,99.94,17,1166,2
1765351553100629,add,B,100.06,35,1177,1
1765351553100733,add,S,100.12,25,1178,5
1765351553100881,add,S,99.9,5,1179,3
1765351553100959,cancel,S,99.99,0,1061,10
1765351553101042,cancel,S,100.01,0,1119,2
1765351553101124,cancel,B,99.84,0,67,6
1765351553101216,add,S,99.89,36,1180,3
1765351553101384,add,S,99.95,32,1181,1
1765351553101400,modify,S,99.99,25,1155,10
1765351553101495,add,B,99.93,48,1182,7
1765351553101669,trade,,99.99,35,0,0
1765351553101783,add,B,99.93,42,1183,9
1765351553101835,add,B,99.93,4,1184,4
1765351553101894,modify,S,100.09,13,402,9
1765351553102078,cancel,B,99.93,0,38,9
1765351553102140,modify,S,100.04,18,257,7
1765351553102208,add,B,99.93,23,1185,10
1765351553102315,add,S,100.05,6,1186,4
1765351553102466,add,B,99.94,3,1187,9
1765351553102492,modify,B,100.06,5,512,1
1765351553102647,add,B,99.85,42,1188,6
1765351553102722,trade,,99.98,78,0,0
1765351553102841,add,B,99.93,17,1189,2
1765351553102960,add,S,99.91,29,1190,6
1765351553103082,add,B,99.94,42,1191,9
1765351553103122,add,B,99.95,7,1192,9
1765351553103197,add,B,99.93,18,1193,10
1765351553103301,add,B,99.94,20,1194,9
1765351553103485,cancel,S,99.91,0,252,6
1765351553103509,add,B,99.99,49,1195,8
1765351553103649,trade,,100.0,36,0,0
1765351553103766,add,S,100.0,18,1196,2
1765351553103869,add,B,99.93,29,1197,7
1765351553103896,add,B,99.94,4,1198,7
1765351553104075,add,S,99.9,39,1199,6
1765351553104187,modify,B,99.93,1,538,10
1765351553104234,cancel,S,100.04,0,889,7
1765351553104385,modify,B,99.94,24,224,9
1765351553104477,add,S,100.09,28,1200,9
1765351553104564,cancel,B,99.94,0,1063,5
1765351553104639,add,S,100.04,1,1201,4
1765351553104726,modify,S,100.0,25,562,2
1765351553104860,add,S,99.96,18,1202,1
1765351553104937,add,B,99.92,8,1203,10
1765351553105030,cancel,S,100.12,0,658,5
1765351553105147,add,B,99.98,23,1204,8
1765351553105252,cancel,B,99.93,0,1140,4
1765351553105365,trade,,100.0,79,0,0
1765351553105461,add,B,100.05,50,1205,3
1765351553105526,add,B,99.94,12,1206,4
1765351553105609,modify,B,99.94,2,102,4
1765351553105714,cancel,B,99.92,0,902,10
1765351553105861,cancel,S,100.12,0,125,5
1765351553105893,cancel,S,100.09,0,724,9
1765351553106067,add,B,99.94,8,1207,9
1765351553106156,add,B,99.92,44,1208,10
1765351553106244,add,B,99.93,2,1209,5
1765351553106332,cancel,S,99.9,0,738,6
1765351553106474,add,S,100.13,2,1210,5
1765351553106511,add,B,100.06,2,1211,3
1765351553106604,cancel,S,100.09,0,642,9
1765351553106785,add,S,99.89,25,1212,6
1765351553106865,add,S,100.05,6,1213,7
1765351553106900,trade,,100.0,69,0,0
1765351553107084,add,S,99.97,31,1214,1
1765351553107175,add,B,99.92,37,1215,5
1765351553107228,trade,,100.0,32,0,0
1765351553107389,trade,,99.99,89,0,0
1765351553107421,add,S,100.05,6,1216,7
1765351553107536,cancel,S,99.89,0,157,6
1765351553107668,add,S,100.05,9,1217,4
1765351553107759,add,S,100.0,9,1218,10
1765351553107868,add,B,99.84,6,1219,6
1765351553107943,add,S,100.0,41,1220,10
1765351553108089,add,B,99.97,11,1221,8
1765351553108106,add,S,99.97,7,1222,8
1765351553108207,modify,S,99.97,3,884,1
1765351553108307,add,S,100.05,23,1223,7
1765351553108407,add,S,100.12,22,1224,5
1765351553108534,cancel,B,100.06,0,221,1
1765351553108636,trade,,100.0,81,0,0
1765351553108748,cancel,S,100.12,0,893,5
1765351553108880,add,B,99.93,6,1225,10
1765351553108910,modify,B,99.93,21,1216,10
1765351553109049,add,B,99.95,38,1226,9
1765351553109126,trade,,100.0,7,0,0
1765351553109263,add,S,100.09,19,1227,9
1765351553109332,add,S,99.88,48,1228,3
1765351553109484,add,S,100.01,21,1229,10
1765351553109503,add,B,99.92,32,1230,5
1765351553109647,add,B,99.93,49,1231,5
1765351553109704,trade,,100.0,19,0,0
1765351553109803,add,S,99.87,39,1232,3
1765351553109896,trade,,99.99,63,0,0
1765351553109994,add,B,99.93,47,1233,10
1765351553110147,add,S,100.11,46,1234,5
1765351553110281,trade,,99.99,57,0,0
1765351553110346,add,B,100.06,47,1235,3
1765351553110476,add,B,99.94,15,1236,2
1765351553110584,add,B,99.84,30,1237,6
1765351553110671,cancel,S,99.89,0,152,6
1765351553110695,add,S,100.09,13,1238,9
1765351553110862,cancel,B,100.06,0,73,1
1765351553110966,add,S,100.05,31,1239,4
1765351553111010,add,B,99.97,9,1240,8
1765351553111116,cancel,S,100.09,0,182,9
1765351553111286,add,B,99.98,40,1241,8
1765351553111317,cancel,S,100.05,0,80,7
1765351553111469,add,S,99.89,34,1242,6
1765351553111575,trade,,100.0,86,0,0
1765351553111653,add,S,100.01,35,1243,10
1765351553111752,add,B,99.93,29,1244,5
1765351553111832,add,B,100.06,21,1245,3
1765351553111975,add,S,99.87,32,1246,3
1765351553112067,add,B,99.93,33,1247,5
1765351553112118,modify,S,99.97,11,838,1
1765351553112224,cancel,S,100.05,0,843,7
1765351553112345,add,S,100.11,47,1248,5
1765351553112419,add,S,100.11,27,1249,5
1765351553112519,cancel,B,99.95,0,342,9
1765351553112671,add,S,100.01,9,1250,10
1765351553112768,add,S,99.97,6,1251,1
1765351553112890,cancel,B,99.95,0,723,9
1765351553112897,add,B,99.93,35,1252,4
1765351553113041,modify,S,100.11,30,470,5
1765351553113138,add,B,99.92,3,1253,4
1765351553113193,modify,S,100.0,26,1079,2
1765351553113353,add,B,100.05,41,1254,1
1765351553113489,cancel,S,100.11,0,70,5
1765351553113539,cancel,S,100.11,0,269,5
1765351553113600,add,S,100.04,1,1255,7
1765351553113786,modify,B,100.06,19,1239,3
1765351553113841,add,S,100.11,28,1256,5
1765351553113956,cancel,B,99.93,0,619,5
1765351553114003,add,S,99.97,19,1257,8
1765351553114145,add,S,100.09,31,1258,9
1765351553114227,trade,,99.99,49,0,0
1765351553114293,trade,,99.99,58,0,0
1765351553114419,cancel,S,100.04,0,51,7
1765351553114548,add,S,100.11,10,1259,5
1765351553114671,trade,,99.98,72,0,0
1765351553114712,add,S,100.0,6,1260,10
1765351553114809,add,S,100.1,37,1261,9
1765351553114988,add,S,100.11,20,1262,5
1765351553115085,add,B,99.85,37,1263,6
1765351553115167,add,B,99.93,32,1264,4
1765351553115260,add,S,100.05,30,1265,4
1765351553115381,add,S,99.99,28,1266,2
1765351553115480,add,B,100.04,34,1267,1
1765351553115586,add,B,99.93,28,1268,2
1765351553115654,add,S,99.96,48,1269,8
1765351553115761,add,B,99.93,19,1270,2
1765351553115883,trade,,99.99,73,0,0
1765351553115974,add,B,99.94,46,1271,4
1765351553116038,add,B,99.97,22,1272,8
1765351553116186,cancel,S,99.87,0,278,3
1765351553116251,add,B,100.06,5,1273,3
1765351553116291,add,B,99.94,30,1274,2
1765351553116433,add,S,99.99,5,1275,10
1765351553116535,cancel,S,99.89,0,463,6
1765351553116615,add,S,100.05,47,1276,7
1765351553116730,add,S,100.12,35,1277,5
1765351553116873,cancel,B,99.93,0,159,10
1765351553116984,add,B,99.92,9,1278,10
1765351553117057,cancel,S,99.89,0,785,6
1765351553117166,cancel,B,99.97,0,1262,8
1765351553117191,modify,S,99.99,20,444,2
1765351553117309,add,B,100.04,5,1279,1
1765351553117397,add,S,100.06,31,1280,7
1765351553117532,add,S,100.06,26,1281,4
1765351553117639,modify,B,99.85,17,972,6
1765351553117731,add,S,100.05,41,1282,4
1765351553117826,cancel,B,99.95,0,896,9
1765351553117979,modify,S,100.1,21,247,9
1765351553118035,add,S,99.97,23,1283,8
1765351553118184,add,S,100.05,24,1284,4
1765351553118213,trade,,99.98,26,0,0
1765351553118347,add,B,99.92,22,1285,10
1765351553118403,trade,,99.98,78,0,0
1765351553118525,add,B,99.97,3,1286,8
1765351553118680,cancel,S,99.97,0,562,1
1765351553118694,modify,S,99.99,16,965,10
1765351553118813,add,S,100.09,3,1287,9
1765351553118938,add,S,99.88,48,1288,3
1765351553119013,modify,B,99.94,28,270,2
1765351553119106,add,S,99.97,7,1289,1
1765351553119260,add,S,100.0,2,1290,10
1765351553119333,modify,S,99.88,19,649,3
1765351553119483,trade,,99.98,86,0,0
1765351553119542,add,S,99.96,13,1291,1
1765351553119688,add,S,99.98,29,1292,2
1765351553119696,add,B,99.95,12,1293,9
1765351553119872,cancel,B,99.93,0,7,5
1765351553119935,add,B,99.95,30,1294,2
1765351553120002,add,B,99.94,21,1295,2
1765351553120166,cancel,S,99.88,0,42,3
1765351553120218,cancel,S,99.98,0,943,2
1765351553120322,add,S,100.06,49,1296,4
1765351553120485,add,B,99.92,18,1297,5
1765351553120508,cancel,S,100.06,0,848,4
1765351553120625,modify,B,99.92,15,363,5
1765351553120724,add,B,99.85,50,1298,6
1765351553120873,add,S,99.87,38,1299,3
1765351553120940,add,S,100.06,42,1300,7
1765351553121078,modify,S,99.89,17,425,6
1765351553121161,modify,S,99.98,7,551,2
1765351553121224,add,B,99.95,43,1301,2
1765351553121371,add,B,99.92,24,1302,10
1765351553121463,add,S,99.96,45,1303,1
1765351553121504,cancel,B,100.06,0,17,3
1765351553121633,add,S,99.87,20,1304,3
1765351553121711,add,B,100.04,40,1305,1
1765351553121849,cancel,B,99.94,0,891,7
1765351553121922,add,B,99.85,44,1306,6
1765351553122042,add,S,100.07,7,1307,4
1765351553122144,add,B,99.92,38,1308,10
1765351553122194,add,B,99.93,45,1309,5
1765351553122358,add,S,99.86,43,1310,3
1765351553122433,modify,B,99.95,25,111,2
1765351553122509,modify,B,99.94,1,940,7
1765351553122675,add,S,100.12,6,1311,5
1765351553122714,add,B,99.96,16,1312,2
1765351553122810,cancel,B,100.04,0,767,1
1765351553122935,add,S,100.07,14,1313,7
1765351553123051,cancel,S,100.07,0,950,4
1765351553123103,add,B,100.06,50,1314,3
1765351553123232,modify,B,99.92,3,870,10
1765351553123335,add,S,99.99,15,1315,10
1765351553123468,add,B,99.85,33,1316,6
1765351553123491,cancel,S,99.98,0,816,2
1765351553123608,add,B,99.93,6,1317,5
1765351553123734,add,B,100.06,20,1318,3
1765351553123840,cancel,B,100.04,0,985,1
1765351553123944,add,B,99.94,30,1319,9
1765351553124001,add,S,100.06,11,1320,7
1765351553124131,add,S,99.96,32,1321,8
1765351553124274,trade,,99.99,55,0,0
1765351553124324,cancel,S,99.99,0,238,10
1765351553124448,add,S,99.9,24,1322,6
1765351553124505,modify,S,100.09,28,869,9
1765351553124677,add,B,99.92,13,1323,10
1765351553124756,modify,B,99.94,10,932,7
1765351553124796,add,B,99.84,39,1324,6
1765351553124978,add,B,99.92,35,1325,5
1765351553125025,add,B,100.04,21,1326,1
1765351553125129,cancel,B,99.96,0,1221,2
1765351553125195,add,B,100.05,35,1327,3
1765351553125303,add,B,99.97,18,1328,8
1765351553125435,trade,,99.98,94,0,0
1765351553125558,cancel,B,99.96,0,84,2
1765351553125595,add,S,99.98,33,1329,2
1765351553125783,add,S,100.12,26,1330,5
1765351553125793,add,S,99.98,8,1331,2
1765351553125915,cancel,S,99.99,0,621,10
1765351553126022,cancel,S,99.9,0,101,6
1765351553126118,modify,S,100.12,25,895,5
1765351553126214,add,S,99.99,12,1332,10
1765351553126377,add,B,99.93,27,1333,4
1765351553126475,add,B,99.93,21,1334,10
1765351553126503,add,B,99.83,5,1335,6
1765351553126669,add,S,99.97,27,1336,8
1765351553126772,cancel,B,99.94,0,1109,7
1765351553126862,add,B,99.83,10,1337,6
1765351553126950,modify,S,100.07,6,1022,4
1765351553127077,add,B,99.92,41,1338,10
1765351553127153,cancel,B,99.96,0,708,2
1765351553127258,add,B,99.83,44,1339,6
1765351553127350,add,S,99.87,23,1340,3
1765351553127463,add,S,99.96,36,1341,1
1765351553127586,add,B,99.93,25,1342,9
1765351553127668,trade,,99.98,15,0,0
1765351553127764,add,S,100.07,27,1343,7
1765351553127836,modify,B,99.92,25,857,10
1765351553127937,cancel,S,99.9,0,1297,6
1765351553128059,add,S,99.97,19,1344,8
1765351553128148,add,S,100.07,1,1345,7
1765351553128259,modify,S,99.87,4,951,3
1765351553128340,cancel,B,99.94,0,857,7
1765351553128472,add,B,99.93,33,1346,10
1765351553128501,cancel,B,100.04,0,838,1
1765351553128622,add,S,99.98,2,1347,2
1765351553128786,cancel,S,100.07,0,1340,7
1765351553128815,modify,B,99.97,28,331,8
1765351553128921,add,S,100.07,9,1348,4
1765351553129028,add,B,99.93,30,1349,10
1765351553129122,cancel,S,100.07,0,909,4
1765351553129250,add,B,99.93,11,1350,10
1765351553129322,add,S,99.97,3,1351,1
1765351553129478,cancel,S,99.97,0,1065,8
1765351553129500,modify,B,99.93,25,533,9
1765351553129668,cancel,B,100.04,0,1094,1
1765351553129783,add,S,99.97,26,1352,1
1765351553129882,trade,,99.99,55,0,0
1765351553129906,add,S,99.98,47,1353,10
1765351553130012,add,S,99.86,31,1354,3
1765351553130117,add,B,99.96,46,1355,2
1765351553130253,modify,B,99.83,15,533,6
1765351553130333,modify,B,99.93,2,529,10
1765351553130488,add,S,99.96,24,1356,1
1765351553130563,add,B,100.06,41,1357,3
1765351553130630,add,B,99.91,48,1358,5
1765351553130779,add,S,100.07,41,1359,7
1765351553130820,add,B,99.9,38,1360,5
1765351553130892,add,S,100.09,31,1361,9
1765351553131070,trade,,100.0,67,0,0
1765351553131138,add,S,99.87,31,1362,3
1765351553131213,add,B,99.96,15,1363,2
1765351553131330,add,B,99.94,8,1364,10
1765351553131474,add,B,99.95,1,1365,10
1765351553131586,modify,S,100.07,12,1074,4
1765351553131676,add,S,99.91,5,1366,6
1765351553131725,cancel,S,100.09,0,1096,9
1765351553131798,add,S,100.07,48,1367,4
1765351553131914,cancel,B,99.93,0,1333,4
1765351553132082,add,B,99.95,36,1368,10
1765351553132126,add,B,99.95,34,1369,2
1765351553132229,add,B,99.96,31,1370,10
1765351553132350,add,S,99.96,41,1371,1
1765351553132400,add,B,99.95,13,1372,2
1765351553132503,add,B,99.97,37,1373,8
1765351553132592,cancel,S,99.97,0,229,8
